{"symbol": "ABMD", "annualReports": [{"fiscalDateEnding": "2021-03-31", "reportedCurrency": "USD", "grossProfit": "327335000", "totalRevenue": "847522000", "costOfRevenue": "520187000", "costofGoodsAndServicesSold": "161907000", "operatingIncome": "229557000", "sellingGeneralAndAdministrative": "334183000", "researchAndDevelopment": "121875000", "operatingExpenses": "456058000", "investmentIncomeNet": "6717000", "netInterestIncome": "None", "interestIncome": "None", "interestExpense": "None", "nonInterestIncome": "847522000", "otherNonOperatingIncome": "51946000", "depreciation": "23100000", "depreciationAndAmortization": "24097000", "incomeBeforeTax": "288220000", "incomeTaxExpense": "62695000", "interestAndDebtExpense": "None", "netIncomeFromContinuingOperations": "225525000", "comprehensiveIncomeNetOfTax": "225269000", "ebit": "229557000", "ebitda": "253654000", "netIncome": "225525000"}, {"fiscalDateEnding": "2020-03-31", "reportedCurrency": "USD", "grossProfit": "327548000", "totalRevenue": "840883000", "costOfRevenue": "513335000", "costofGoodsAndServicesSold": "151305000", "operatingIncome": "249219000", "sellingGeneralAndAdministrative": "341600000", "researchAndDevelopment": "98759000", "operatingExpenses": "440359000", "investmentIncomeNet": "12167000", "netInterestIncome": "None", "interestIncome": "12167500", "interestExpense": "None", "nonInterestIncome": "840883000", "otherNonOperatingIncome": "-4561000", "depreciation": "20100000", "depreciationAndAmortization": "20430000", "incomeBeforeTax": "256825000", "incomeTaxExpense": "53816000", "interestAndDebtExpense": "None", "netIncomeFromContinuingOperations": "203009000", "comprehensiveIncomeNetOfTax": "206509000", "ebit": "249219000", "ebitda": "269649000", "netIncome": "203009000"}, {"fiscalDateEnding": "2019-03-31", "reportedCurrency": "USD", "grossProfit": "304194000", "totalRevenue": "769432000", "costOfRevenue": "465238000", "costofGoodsAndServicesSold": "129567000", "operatingIncome": "224812000", "sellingGeneralAndAdministrative": "321550000", "researchAndDevelopment": "93503000", "operatingExpenses": "415053000", "investmentIncomeNet": "8166000", "netInterestIncome": "None", "interestIncome": "8166000", "interestExpense": "None", "nonInterestIncome": "769432000", "otherNonOperatingIncome": "30382000", "depreciation": "13900000", "depreciationAndAmortization": "14121000", "incomeBeforeTax": "263360000", "incomeTaxExpense": "4344000", "interestAndDebtExpense": "None", "netIncomeFromContinuingOperations": "259016000", "comprehensiveIncomeNetOfTax": "248531000", "ebit": "224812000", "ebitda": "238933000", "netIncome": "259016000"}, {"fiscalDateEnding": "2018-03-31", "reportedCurrency": "USD", "grossProfit": "495168000", "totalRevenue": "593749000", "costOfRevenue": "98581000", "costofGoodsAndServicesSold": "98581000", "operatingIncome": "157137000", "sellingGeneralAndAdministrative": "262734000", "researchAndDevelopment": "75297000", "operatingExpenses": "338031000", "investmentIncomeNet": "3688000", "netInterestIncome": "None", "interestIncome": "3688000", "interestExpense": "None", "nonInterestIncome": "593749000", "otherNonOperatingIncome": "-388000", "depreciation": "11000000", "depreciationAndAmortization": "11005000", "incomeBeforeTax": "160437000", "incomeTaxExpense": "48267000", "interestAndDebtExpense": "None", "netIncomeFromContinuingOperations": "112170000", "comprehensiveIncomeNetOfTax": "128572000", "ebit": "157137000", "ebitda": "168142000", "netIncome": "112170000"}, {"fiscalDateEnding": "2017-03-31", "reportedCurrency": "USD", "grossProfit": "374677000", "totalRevenue": "445304000", "costOfRevenue": "70627000", "costofGoodsAndServicesSold": "70627000", "operatingIncome": "90138000", "sellingGeneralAndAdministrative": "218153000", "researchAndDevelopment": "66386000", "operatingExpenses": "284539000", "investmentIncomeNet": "1554000", "netInterestIncome": "None", "interestIncome": "1554000", "interestExpense": "None", "nonInterestIncome": "445304000", "otherNonOperatingIncome": "-349000", "depreciation": "6200000", "depreciationAndAmortization": "6202000", "incomeBeforeTax": "91343000", "incomeTaxExpense": "39227000", "interestAndDebtExpense": "None", "netIncomeFromContinuingOperations": "52116000", "comprehensiveIncomeNetOfTax": "46050000", "ebit": "90138000", "ebitda": "96340000", "netIncome": "52116000"}], "quarterlyReports": [{"fiscalDateEnding": "2021-09-30", "reportedCurrency": "USD", "grossProfit": "101477000", "totalRevenue": "248142000", "costOfRevenue": "146665000", "costofGoodsAndServicesSold": "43886000", "operatingIncome": "60436000", "sellingGeneralAndAdministrative": "102779000", "researchAndDevelopment": "41041000", "operatingExpenses": "143820000", "investmentIncomeNet": "977000", "netInterestIncome": "None", "interestIncome": "None", "interestExpense": "None", "nonInterestIncome": "248142000", "otherNonOperatingIncome": "5858000", "depreciation": "None", "depreciationAndAmortization": "6966000", "incomeBeforeTax": "67271000", "incomeTaxExpense": "10318000", "interestAndDebtExpense": "None", "netIncomeFromContinuingOperations": "56953000", "comprehensiveIncomeNetOfTax": "54608000", "ebit": "60436000", "ebitda": "67402000", "netIncome": "56953000"}, {"fiscalDateEnding": "2021-06-30", "reportedCurrency": "USD", "grossProfit": "97006000", "totalRevenue": "252585000", "costOfRevenue": "155579000", "costofGoodsAndServicesSold": "45188000", "operatingIncome": "-49285000", "sellingGeneralAndAdministrative": "103484000", "researchAndDevelopment": "37708000", "operatingExpenses": "148040000", "investmentIncomeNet": "1050000", "netInterestIncome": "None", "interestIncome": "None", "interestExpense": "None", "nonInterestIncome": "252585000", "otherNonOperatingIncome": "38885000", "depreciation": "None", "depreciationAndAmortization": "6907000", "incomeBeforeTax": "-9350000", "incomeTaxExpense": "17175000", "interestAndDebtExpense": "None", "netIncomeFromContinuingOperations": "-26525000", "comprehensiveIncomeNetOfTax": "-27291000", "ebit": "-49285000", "ebitda": "-42378000", "netIncome": "-26525000"}, {"fiscalDateEnding": "2021-03-31", "reportedCurrency": "USD", "grossProfit": "195168000", "totalRevenue": "241246000", "costOfRevenue": "46078000", "costofGoodsAndServicesSold": "46078000", "operatingIncome": "62804000", "sellingGeneralAndAdministrative": "100374000", "researchAndDevelopment": "31989000", "operatingExpenses": "132364000", "investmentIncomeNet": "1049000", "netInterestIncome": "None", "interestIncome": "None", "interestExpense": "None", "nonInterestIncome": "241246000", "otherNonOperatingIncome": "9641000", "depreciation": "None", "depreciationAndAmortization": "6826000", "incomeBeforeTax": "73494000", "incomeTaxExpense": "16638000", "interestAndDebtExpense": "None", "netIncomeFromContinuingOperations": "56856000", "comprehensiveIncomeNetOfTax": "49580000", "ebit": "62804000", "ebitda": "69630000", "netIncome": "56856000"}, {"fiscalDateEnding": "2020-12-31", "reportedCurrency": "USD", "grossProfit": "104355000", "totalRevenue": "231663000", "costOfRevenue": "127308000", "costofGoodsAndServicesSold": "41110000", "operatingIncome": "71351000", "sellingGeneralAndAdministrative": "86198000", "researchAndDevelopment": "33004000", "operatingExpenses": "119202000", "investmentIncomeNet": "1449000", "netInterestIncome": "None", "interestIncome": "None", "interestExpense": "None", "nonInterestIncome": "231663000", "otherNonOperatingIncome": "7935000", "depreciation": "None", "depreciationAndAmortization": "6134000", "incomeBeforeTax": "80735000", "incomeTaxExpense": "18867000", "interestAndDebtExpense": "None", "netIncomeFromContinuingOperations": "61868000", "comprehensiveIncomeNetOfTax": "64898000", "ebit": "71351000", "ebitda": "77485000", "netIncome": "61868000"}, {"fiscalDateEnding": "2020-09-30", "reportedCurrency": "USD", "grossProfit": "91861000", "totalRevenue": "209764000", "costOfRevenue": "117903000", "costofGoodsAndServicesSold": "38736000", "operatingIncome": "61336000", "sellingGeneralAndAdministrative": "79167000", "researchAndDevelopment": "30525000", "operatingExpenses": "109692000", "investmentIncomeNet": "1822000", "netInterestIncome": "None", "interestIncome": "None", "interestExpense": "None", "nonInterestIncome": "209764000", "otherNonOperatingIncome": "9757000", "depreciation": "None", "depreciationAndAmortization": "5657000", "incomeBeforeTax": "72915000", "incomeTaxExpense": "10702000", "interestAndDebtExpense": "None", "netIncomeFromContinuingOperations": "62215000", "comprehensiveIncomeNetOfTax": "63549000", "ebit": "61336000", "ebitda": "66993000", "netIncome": "62213000"}, {"fiscalDateEnding": "2020-06-30", "reportedCurrency": "USD", "grossProfit": "54943000", "totalRevenue": "164850000", "costOfRevenue": "109907000", "costofGoodsAndServicesSold": "35983000", "operatingIncome": "34066000", "sellingGeneralAndAdministrative": "68444000", "researchAndDevelopment": "26357000", "operatingExpenses": "94801000", "investmentIncomeNet": "2397000", "netInterestIncome": "None", "interestIncome": "None", "interestExpense": "None", "nonInterestIncome": "164850000", "otherNonOperatingIncome": "24613000", "depreciation": "None", "depreciationAndAmortization": "5480000", "incomeBeforeTax": "61076000", "incomeTaxExpense": "16488000", "interestAndDebtExpense": "None", "netIncomeFromContinuingOperations": "44588000", "comprehensiveIncomeNetOfTax": "47242000", "ebit": "34066000", "ebitda": "39546000", "netIncome": "44588000"}, {"fiscalDateEnding": "2020-03-31", "reportedCurrency": "USD", "grossProfit": "167289000", "totalRevenue": "206658000", "costOfRevenue": "39369000", "costofGoodsAndServicesSold": "39369000", "operatingIncome": "58052000", "sellingGeneralAndAdministrative": "83892000", "researchAndDevelopment": "25346000", "operatingExpenses": "109237000", "investmentIncomeNet": "3101000", "netInterestIncome": "None", "interestIncome": "-14498500", "interestExpense": "None", "nonInterestIncome": "206658000", "otherNonOperatingIncome": "-21840000", "depreciation": "None", "depreciationAndAmortization": "6003000", "incomeBeforeTax": "39313000", "incomeTaxExpense": "7515000", "interestAndDebtExpense": "None", "netIncomeFromContinuingOperations": "31798000", "comprehensiveIncomeNetOfTax": "37604000", "ebit": "58052000", "ebitda": "64055000", "netIncome": "31798000"}, {"fiscalDateEnding": "2019-12-31", "reportedCurrency": "USD", "grossProfit": "95814000", "totalRevenue": "221584000", "costOfRevenue": "125770000", "costofGoodsAndServicesSold": "39996000", "operatingIncome": "70259000", "sellingGeneralAndAdministrative": "85674000", "researchAndDevelopment": "25655000", "operatingExpenses": "111329000", "investmentIncomeNet": "3086000", "netInterestIncome": "None", "interestIncome": "26586000", "interestExpense": "400000", "nonInterestIncome": "221584000", "otherNonOperatingIncome": "23671000", "depreciation": "None", "depreciationAndAmortization": "5375000", "incomeBeforeTax": "97016000", "incomeTaxExpense": "27799000", "interestAndDebtExpense": "None", "netIncomeFromContinuingOperations": "69216000", "comprehensiveIncomeNetOfTax": "69778000", "ebit": "70259000", "ebitda": "75634000", "netIncome": "69217000"}, {"fiscalDateEnding": "2019-09-30", "reportedCurrency": "USD", "grossProfit": "84151000", "totalRevenue": "204974000", "costOfRevenue": "120823000", "costofGoodsAndServicesSold": "34867000", "operatingIncome": "60182000", "sellingGeneralAndAdministrative": "85956000", "researchAndDevelopment": "23969000", "operatingExpenses": "109925000", "investmentIncomeNet": "2932000", "netInterestIncome": "None", "interestIncome": "-42668000", "interestExpense": "400000", "nonInterestIncome": "204974000", "otherNonOperatingIncome": "-45756000", "depreciation": "None", "depreciationAndAmortization": "4687000", "incomeBeforeTax": "17358000", "incomeTaxExpense": "4287000", "interestAndDebtExpense": "None", "netIncomeFromContinuingOperations": "13058000", "comprehensiveIncomeNetOfTax": "7270000", "ebit": "60182000", "ebitda": "64869000", "netIncome": "13071000"}, {"fiscalDateEnding": "2019-06-30", "reportedCurrency": "USD", "grossProfit": "80150000", "totalRevenue": "207666000", "costOfRevenue": "127516000", "costofGoodsAndServicesSold": "37073000", "operatingIncome": "60725000", "sellingGeneralAndAdministrative": "86078000", "researchAndDevelopment": "23790000", "operatingExpenses": "109868000", "investmentIncomeNet": "3049000", "netInterestIncome": "None", "interestIncome": "42749000", "interestExpense": "400000", "nonInterestIncome": "207666000", "otherNonOperatingIncome": "39364000", "depreciation": "None", "depreciationAndAmortization": "4365000", "incomeBeforeTax": "103138000", "incomeTaxExpense": "14215000", "interestAndDebtExpense": "None", "netIncomeFromContinuingOperations": "88938000", "comprehensiveIncomeNetOfTax": "91857000", "ebit": "60725000", "ebitda": "65090000", "netIncome": "88923000"}, {"fiscalDateEnding": "2019-03-31", "reportedCurrency": "USD", "grossProfit": "172233000", "totalRevenue": "207081000", "costOfRevenue": "34848000", "costofGoodsAndServicesSold": "34848000", "operatingIncome": "65388000", "sellingGeneralAndAdministrative": "81296000", "researchAndDevelopment": "25548000", "operatingExpenses": "106844000", "investmentIncomeNet": "2769000", "netInterestIncome": "None", "interestIncome": "2769000", "interestExpense": "400000", "nonInterestIncome": "207081000", "otherNonOperatingIncome": "30372000", "depreciation": "None", "depreciationAndAmortization": "4185000", "incomeBeforeTax": "98530000", "incomeTaxExpense": "24569000", "interestAndDebtExpense": "None", "netIncomeFromContinuingOperations": "73961000", "comprehensiveIncomeNetOfTax": "71587000", "ebit": "65388000", "ebitda": "69573000", "netIncome": "73961000"}, {"fiscalDateEnding": "2018-12-31", "reportedCurrency": "USD", "grossProfit": "86320000", "totalRevenue": "200563000", "costOfRevenue": "114243000", "costofGoodsAndServicesSold": "34023000", "operatingIncome": "62355000", "sellingGeneralAndAdministrative": "80220000", "researchAndDevelopment": "23965000", "operatingExpenses": "104185000", "investmentIncomeNet": "2175000", "netInterestIncome": "None", "interestIncome": "None", "interestExpense": "None", "nonInterestIncome": "200563000", "otherNonOperatingIncome": "-20000", "depreciation": "None", "depreciationAndAmortization": "3589000", "incomeBeforeTax": "64510000", "incomeTaxExpense": "19648000", "interestAndDebtExpense": "None", "netIncomeFromContinuingOperations": "44862000", "comprehensiveIncomeNetOfTax": "44081000", "ebit": "62355000", "ebitda": "65944000", "netIncome": "44862000"}, {"fiscalDateEnding": "2018-09-30", "reportedCurrency": "USD", "grossProfit": "73037000", "totalRevenue": "181778000", "costOfRevenue": "108741000", "costofGoodsAndServicesSold": "29846000", "operatingIncome": "50320000", "sellingGeneralAndAdministrative": "78895000", "researchAndDevelopment": "22717000", "operatingExpenses": "101612000", "investmentIncomeNet": "1671000", "netInterestIncome": "None", "interestIncome": "None", "interestExpense": "None", "nonInterestIncome": "181778000", "otherNonOperatingIncome": "-158000", "depreciation": "3388000", "depreciationAndAmortization": "3388000", "incomeBeforeTax": "51833000", "incomeTaxExpense": "1706000", "interestAndDebtExpense": "None", "netIncomeFromContinuingOperations": "50127000", "comprehensiveIncomeNetOfTax": "49505000", "ebit": "50320000", "ebitda": "53708000", "netIncome": "50127000"}, {"fiscalDateEnding": "2018-06-30", "reportedCurrency": "USD", "grossProfit": "68021000", "totalRevenue": "180010000", "costOfRevenue": "111989000", "costofGoodsAndServicesSold": "30850000", "operatingIncome": "46748000", "sellingGeneralAndAdministrative": "81139000", "researchAndDevelopment": "21273000", "operatingExpenses": "102412000", "investmentIncomeNet": "1551000", "netInterestIncome": "None", "interestIncome": "None", "interestExpense": "None", "nonInterestIncome": "180010000", "otherNonOperatingIncome": "188000", "depreciation": "2959000", "depreciationAndAmortization": "2959000", "incomeBeforeTax": "48487000", "incomeTaxExpense": "-41579000", "interestAndDebtExpense": "None", "netIncomeFromContinuingOperations": "90066000", "comprehensiveIncomeNetOfTax": "83357000", "ebit": "46748000", "ebitda": "49707000", "netIncome": "90066000"}, {"fiscalDateEnding": "2018-03-31", "reportedCurrency": "USD", "grossProfit": "144338000", "totalRevenue": "174436000", "costOfRevenue": "30098000", "costofGoodsAndServicesSold": "30098000", "operatingIncome": "47567000", "sellingGeneralAndAdministrative": "75501000", "researchAndDevelopment": "21270000", "operatingExpenses": "96771000", "investmentIncomeNet": "1303000", "netInterestIncome": "None", "interestIncome": "None", "interestExpense": "None", "nonInterestIncome": "174436000", "otherNonOperatingIncome": "-363000", "depreciation": "2900000", "depreciationAndAmortization": "2905000", "incomeBeforeTax": "48507000", "incomeTaxExpense": "11660000", "interestAndDebtExpense": "None", "netIncomeFromContinuingOperations": "36847000", "comprehensiveIncomeNetOfTax": "43289000", "ebit": "47567000", "ebitda": "50472000", "netIncome": "36847000"}, {"fiscalDateEnding": "2017-12-31", "reportedCurrency": "USD", "grossProfit": "129028000", "totalRevenue": "154022000", "costOfRevenue": "24994000", "costofGoodsAndServicesSold": "24994000", "operatingIncome": "44766000", "sellingGeneralAndAdministrative": "66556000", "researchAndDevelopment": "17706000", "operatingExpenses": "84262000", "investmentIncomeNet": "969000", "netInterestIncome": "None", "interestIncome": "None", "interestExpense": "None", "nonInterestIncome": "154022000", "otherNonOperatingIncome": "-81000", "depreciation": "2780000", "depreciationAndAmortization": "2780000", "incomeBeforeTax": "45654000", "incomeTaxExpense": "32208000", "interestAndDebtExpense": "None", "netIncomeFromContinuingOperations": "13446000", "comprehensiveIncomeNetOfTax": "14602000", "ebit": "44766000", "ebitda": "48434000", "netIncome": "13446000"}, {"fiscalDateEnding": "2017-09-30", "reportedCurrency": "USD", "grossProfit": "111196000", "totalRevenue": "132823000", "costOfRevenue": "21627000", "costofGoodsAndServicesSold": "21627000", "operatingIncome": "31726000", "sellingGeneralAndAdministrative": "60080000", "researchAndDevelopment": "19390000", "operatingExpenses": "79470000", "investmentIncomeNet": "781000", "netInterestIncome": "None", "interestIncome": "None", "interestExpense": "None", "nonInterestIncome": "132823000", "otherNonOperatingIncome": "-23000", "depreciation": "2857000", "depreciationAndAmortization": "2857000", "incomeBeforeTax": "32484000", "incomeTaxExpense": "7981000", "interestAndDebtExpense": "None", "netIncomeFromContinuingOperations": "24503000", "comprehensiveIncomeNetOfTax": "27209000", "ebit": "31726000", "ebitda": "35341000", "netIncome": "24503000"}, {"fiscalDateEnding": "2017-06-30", "reportedCurrency": "USD", "grossProfit": "110606000", "totalRevenue": "132468000", "costOfRevenue": "21862000", "costofGoodsAndServicesSold": "21862000", "operatingIncome": "33078000", "sellingGeneralAndAdministrative": "60597000", "researchAndDevelopment": "16931000", "operatingExpenses": "77528000", "investmentIncomeNet": "635000", "netInterestIncome": "None", "interestIncome": "None", "interestExpense": "None", "nonInterestIncome": "132468000", "otherNonOperatingIncome": "79000", "depreciation": "2463000", "depreciationAndAmortization": "2463000", "incomeBeforeTax": "33792000", "incomeTaxExpense": "-3582000", "interestAndDebtExpense": "None", "netIncomeFromContinuingOperations": "37374000", "comprehensiveIncomeNetOfTax": "43472000", "ebit": "33078000", "ebitda": "36255000", "netIncome": "37374000"}, {"fiscalDateEnding": "2017-03-31", "reportedCurrency": "USD", "grossProfit": "105419000", "totalRevenue": "124680000", "costOfRevenue": "19261000", "costofGoodsAndServicesSold": "17202000", "operatingIncome": "28994000", "sellingGeneralAndAdministrative": "60100000", "researchAndDevelopment": "16325000", "operatingExpenses": "76425000", "investmentIncomeNet": "486000", "netInterestIncome": "None", "interestIncome": "None", "interestExpense": "None", "nonInterestIncome": "None", "otherNonOperatingIncome": "-124000", "depreciation": "1712000", "depreciationAndAmortization": "1714000", "incomeBeforeTax": "29356000", "incomeTaxExpense": "14457000", "interestAndDebtExpense": "None", "netIncomeFromContinuingOperations": "14899000", "comprehensiveIncomeNetOfTax": "15730000", "ebit": "28994000", "ebitda": "31070000", "netIncome": "14899000"}, {"fiscalDateEnding": "2016-12-31", "reportedCurrency": "USD", "grossProfit": "95687000", "totalRevenue": "114674000", "costOfRevenue": "18987000", "costofGoodsAndServicesSold": "18987000", "operatingIncome": "25403000", "sellingGeneralAndAdministrative": "53935000", "researchAndDevelopment": "16349000", "operatingExpenses": "70284000", "investmentIncomeNet": "457000", "netInterestIncome": "None", "interestIncome": "None", "interestExpense": "None", "nonInterestIncome": "None", "otherNonOperatingIncome": "-34000", "depreciation": "1530000", "depreciationAndAmortization": "1530000", "incomeBeforeTax": "25826000", "incomeTaxExpense": "10394000", "interestAndDebtExpense": "None", "netIncomeFromContinuingOperations": "15432000", "comprehensiveIncomeNetOfTax": "9290000", "ebit": "25403000", "ebitda": "27356000", "netIncome": "15432000"}]}