{"symbol": "ADSK", "annualReports": [{"fiscalDateEnding": "2021-01-31", "reportedCurrency": "USD", "grossProfit": "3453300000", "totalRevenue": "3790400000", "costOfRevenue": "337100000", "costofGoodsAndServicesSold": "30900000", "operatingIncome": "629100000", "sellingGeneralAndAdministrative": "1854200000", "researchAndDevelopment": "932500000", "operatingExpenses": "2824200000", "investmentIncomeNet": "None", "netInterestIncome": "-82400000", "interestIncome": "None", "interestExpense": "51100000", "nonInterestIncome": "3794500000", "otherNonOperatingIncome": "6900000", "depreciation": "51400000", "depreciationAndAmortization": "123800000", "incomeBeforeTax": "546700000", "incomeTaxExpense": "-661500000", "interestAndDebtExpense": "None", "netIncomeFromContinuingOperations": "1208200000", "comprehensiveIncomeNetOfTax": "1242600000", "ebit": "629100000", "ebitda": "752900000", "netIncome": "1208200000"}, {"fiscalDateEnding": "2020-01-31", "reportedCurrency": "USD", "grossProfit": "2949400000", "totalRevenue": "3274300000", "costOfRevenue": "324900000", "costofGoodsAndServicesSold": "34500000", "operatingIncome": "343000000", "sellingGeneralAndAdministrative": "1715900000", "researchAndDevelopment": "851100000", "operatingExpenses": "2606400000", "investmentIncomeNet": "None", "netInterestIncome": "-48200000", "interestIncome": "-53400000", "interestExpense": "54000000", "nonInterestIncome": "3278200000", "otherNonOperatingIncome": "5200000", "depreciation": "51000000", "depreciationAndAmortization": "127300000", "incomeBeforeTax": "294800000", "incomeTaxExpense": "80300000", "interestAndDebtExpense": "None", "netIncomeFromContinuingOperations": "214500000", "comprehensiveIncomeNetOfTax": "189200000", "ebit": "343000000", "ebitda": "470300000", "netIncome": "214500000"}, {"fiscalDateEnding": "2019-01-31", "reportedCurrency": "USD", "grossProfit": "2283900000", "totalRevenue": "2569800000", "costOfRevenue": "285900000", "costofGoodsAndServicesSold": "15500000", "operatingIncome": "-25000000", "sellingGeneralAndAdministrative": "1524000000", "researchAndDevelopment": "725000000", "operatingExpenses": "2308900000", "investmentIncomeNet": "None", "netInterestIncome": "-17700000", "interestIncome": "-34500000", "interestExpense": "52100000", "nonInterestIncome": "2573600000", "otherNonOperatingIncome": "16800000", "depreciation": "59200000", "depreciationAndAmortization": "95200000", "incomeBeforeTax": "-42700000", "incomeTaxExpense": "38100000", "interestAndDebtExpense": "None", "netIncomeFromContinuingOperations": "-80800000", "comprehensiveIncomeNetOfTax": "-92000000", "ebit": "-25000000", "ebitda": "70200000", "netIncome": "-80800000"}, {"fiscalDateEnding": "2018-01-31", "reportedCurrency": "USD", "grossProfit": "1753200000", "totalRevenue": "2056600000", "costOfRevenue": "303400000", "costofGoodsAndServicesSold": "303400000", "operatingIncome": "-509100000", "sellingGeneralAndAdministrative": "1392500000", "researchAndDevelopment": "755500000", "operatingExpenses": "2262300000", "investmentIncomeNet": "None", "netInterestIncome": "-48200000", "interestIncome": "-54200000", "interestExpense": "34500000", "nonInterestIncome": "-3300000", "otherNonOperatingIncome": "6000000", "depreciation": "67600000", "depreciationAndAmortization": "108400000", "incomeBeforeTax": "-557300000", "incomeTaxExpense": "9600000", "interestAndDebtExpense": "None", "netIncomeFromContinuingOperations": "-566900000", "comprehensiveIncomeNetOfTax": "-512200000", "ebit": "-509100000", "ebitda": "-400700000", "netIncome": "-566900000"}, {"fiscalDateEnding": "2017-01-31", "reportedCurrency": "USD", "grossProfit": "1689100000", "totalRevenue": "2031000000", "costOfRevenue": "341900000", "costofGoodsAndServicesSold": "341900000", "operatingIncome": "-499600000", "sellingGeneralAndAdministrative": "1310300000", "researchAndDevelopment": "766100000", "operatingExpenses": "2188700000", "investmentIncomeNet": "None", "netInterestIncome": "-24200000", "interestIncome": "-32700000", "interestExpense": "29700000", "nonInterestIncome": "-3300000", "otherNonOperatingIncome": "8500000", "depreciation": "73100000", "depreciationAndAmortization": "139200000", "incomeBeforeTax": "-523800000", "incomeTaxExpense": "58300000", "interestAndDebtExpense": "None", "netIncomeFromContinuingOperations": "-582100000", "comprehensiveIncomeNetOfTax": "-639500000", "ebit": "-499600000", "ebitda": "-360400000", "netIncome": "-582100000"}], "quarterlyReports": [{"fiscalDateEnding": "2021-07-31", "reportedCurrency": "USD", "grossProfit": "954300000", "totalRevenue": "1059700000", "costOfRevenue": "105400000", "costofGoodsAndServicesSold": "13600000", "operatingIncome": "148100000", "sellingGeneralAndAdministrative": "518200000", "researchAndDevelopment": "276900000", "operatingExpenses": "806200000", "investmentIncomeNet": "None", "netInterestIncome": "-9300000", "interestIncome": "None", "interestExpense": "12800000", "nonInterestIncome": "1059700000", "otherNonOperatingIncome": "None", "depreciation": "None", "depreciationAndAmortization": "39400000", "incomeBeforeTax": "138800000", "incomeTaxExpense": "23200000", "interestAndDebtExpense": "None", "netIncomeFromContinuingOperations": "115600000", "comprehensiveIncomeNetOfTax": "103900000", "ebit": "148100000", "ebitda": "187500000", "netIncome": "115600000"}, {"fiscalDateEnding": "2021-04-30", "reportedCurrency": "USD", "grossProfit": "896500000", "totalRevenue": "989300000", "costOfRevenue": "92800000", "costofGoodsAndServicesSold": "10200000", "operatingIncome": "133800000", "sellingGeneralAndAdministrative": "489000000", "researchAndDevelopment": "265500000", "operatingExpenses": "762700000", "investmentIncomeNet": "None", "netInterestIncome": "-2400000", "interestIncome": "None", "interestExpense": "10600000", "nonInterestIncome": "997400000", "otherNonOperatingIncome": "None", "depreciation": "None", "depreciationAndAmortization": "33000000", "incomeBeforeTax": "131400000", "incomeTaxExpense": "-24200000", "interestAndDebtExpense": "None", "netIncomeFromContinuingOperations": "155600000", "comprehensiveIncomeNetOfTax": "179800000", "ebit": "133800000", "ebitda": "166800000", "netIncome": "155600000"}, {"fiscalDateEnding": "2021-01-31", "reportedCurrency": "USD", "grossProfit": "948600000", "totalRevenue": "1039200000", "costOfRevenue": "90600000", "costofGoodsAndServicesSold": "8500000", "operatingIncome": "184400000", "sellingGeneralAndAdministrative": "505900000", "researchAndDevelopment": "249600000", "operatingExpenses": "764200000", "investmentIncomeNet": "None", "netInterestIncome": "-13300000", "interestIncome": "None", "interestExpense": "6200000", "nonInterestIncome": "1039200000", "otherNonOperatingIncome": "None", "depreciation": "None", "depreciationAndAmortization": "31600000", "incomeBeforeTax": "171100000", "incomeTaxExpense": "-740200000", "interestAndDebtExpense": "None", "netIncomeFromContinuingOperations": "924600000", "comprehensiveIncomeNetOfTax": "941800000", "ebit": "184400000", "ebitda": "216000000", "netIncome": "911300000"}, {"fiscalDateEnding": "2020-10-31", "reportedCurrency": "USD", "grossProfit": "868700000", "totalRevenue": "952400000", "costOfRevenue": "83700000", "costofGoodsAndServicesSold": "7600000", "operatingIncome": "168000000", "sellingGeneralAndAdministrative": "458100000", "researchAndDevelopment": "233000000", "operatingExpenses": "700700000", "investmentIncomeNet": "None", "netInterestIncome": "-11900000", "interestIncome": "None", "interestExpense": "14600000", "nonInterestIncome": "952400000", "otherNonOperatingIncome": "None", "depreciation": "None", "depreciationAndAmortization": "32200000", "incomeBeforeTax": "156100000", "incomeTaxExpense": "23900000", "interestAndDebtExpense": "None", "netIncomeFromContinuingOperations": "132200000", "comprehensiveIncomeNetOfTax": "130300000", "ebit": "168000000", "ebitda": "200200000", "netIncome": "132200000"}, {"fiscalDateEnding": "2020-07-31", "reportedCurrency": "USD", "grossProfit": "832200000", "totalRevenue": "913100000", "costOfRevenue": "80900000", "costofGoodsAndServicesSold": "7400000", "operatingIncome": "146100000", "sellingGeneralAndAdministrative": "444100000", "researchAndDevelopment": "232500000", "operatingExpenses": "686100000", "investmentIncomeNet": "None", "netInterestIncome": "-17100000", "interestIncome": "None", "interestExpense": "8000000", "nonInterestIncome": "913100000", "otherNonOperatingIncome": "None", "depreciation": "None", "depreciationAndAmortization": "30000000", "incomeBeforeTax": "129000000", "incomeTaxExpense": "30800000", "interestAndDebtExpense": "None", "netIncomeFromContinuingOperations": "98200000", "comprehensiveIncomeNetOfTax": "122800000", "ebit": "146100000", "ebitda": "176100000", "netIncome": "98200000"}, {"fiscalDateEnding": "2020-04-30", "reportedCurrency": "USD", "grossProfit": "803800000", "totalRevenue": "885700000", "costOfRevenue": "81900000", "costofGoodsAndServicesSold": "7400000", "operatingIncome": "130600000", "sellingGeneralAndAdministrative": "446100000", "researchAndDevelopment": "217400000", "operatingExpenses": "673200000", "investmentIncomeNet": "None", "netInterestIncome": "-40100000", "interestIncome": "-40700000", "interestExpense": "22300000", "nonInterestIncome": "885700000", "otherNonOperatingIncome": "None", "depreciation": "None", "depreciationAndAmortization": "30000000", "incomeBeforeTax": "90500000", "incomeTaxExpense": "24000000", "interestAndDebtExpense": "None", "netIncomeFromContinuingOperations": "66500000", "comprehensiveIncomeNetOfTax": "47700000", "ebit": "130600000", "ebitda": "160600000", "netIncome": "66500000"}, {"fiscalDateEnding": "2020-01-31", "reportedCurrency": "USD", "grossProfit": "816100000", "totalRevenue": "899300000", "costOfRevenue": "83200000", "costofGoodsAndServicesSold": "8300000", "operatingIncome": "133800000", "sellingGeneralAndAdministrative": "455500000", "researchAndDevelopment": "217100000", "operatingExpenses": "682300000", "investmentIncomeNet": "None", "netInterestIncome": "-10500000", "interestIncome": "-10300000", "interestExpense": "11700000", "nonInterestIncome": "899300000", "otherNonOperatingIncome": "None", "depreciation": "None", "depreciationAndAmortization": "30900000", "incomeBeforeTax": "123300000", "incomeTaxExpense": "-8500000", "interestAndDebtExpense": "None", "netIncomeFromContinuingOperations": "142300000", "comprehensiveIncomeNetOfTax": "127800000", "ebit": "133800000", "ebitda": "164700000", "netIncome": "131800000"}, {"fiscalDateEnding": "2019-10-31", "reportedCurrency": "USD", "grossProfit": "763200000", "totalRevenue": "842700000", "costOfRevenue": "79500000", "costofGoodsAndServicesSold": "8400000", "operatingIncome": "110600000", "sellingGeneralAndAdministrative": "429800000", "researchAndDevelopment": "213000000", "operatingExpenses": "652600000", "investmentIncomeNet": "None", "netInterestIncome": "-14200000", "interestIncome": "-14900000", "interestExpense": "13900000", "nonInterestIncome": "842700000", "otherNonOperatingIncome": "None", "depreciation": "None", "depreciationAndAmortization": "31600000", "incomeBeforeTax": "96400000", "incomeTaxExpense": "29700000", "interestAndDebtExpense": "None", "netIncomeFromContinuingOperations": "66700000", "comprehensiveIncomeNetOfTax": "81100000", "ebit": "110600000", "ebitda": "142200000", "netIncome": "66700000"}, {"fiscalDateEnding": "2019-07-31", "reportedCurrency": "USD", "grossProfit": "717300000", "totalRevenue": "796800000", "costOfRevenue": "79500000", "costofGoodsAndServicesSold": "8600000", "operatingIncome": "73800000", "sellingGeneralAndAdministrative": "418200000", "researchAndDevelopment": "215400000", "operatingExpenses": "643500000", "investmentIncomeNet": "None", "netInterestIncome": "-7300000", "interestIncome": "-10900000", "interestExpense": "15400000", "nonInterestIncome": "796800000", "otherNonOperatingIncome": "None", "depreciation": "None", "depreciationAndAmortization": "32100000", "incomeBeforeTax": "66500000", "incomeTaxExpense": "26300000", "interestAndDebtExpense": "None", "netIncomeFromContinuingOperations": "40200000", "comprehensiveIncomeNetOfTax": "11100000", "ebit": "73800000", "ebitda": "105900000", "netIncome": "40200000"}, {"fiscalDateEnding": "2019-04-30", "reportedCurrency": "USD", "grossProfit": "652800000", "totalRevenue": "735500000", "costOfRevenue": "82700000", "costofGoodsAndServicesSold": "9200000", "operatingIncome": "24800000", "sellingGeneralAndAdministrative": "412400000", "researchAndDevelopment": "205600000", "operatingExpenses": "628000000", "investmentIncomeNet": "None", "netInterestIncome": "-16200000", "interestIncome": "-17300000", "interestExpense": "13000000", "nonInterestIncome": "735500000", "otherNonOperatingIncome": "None", "depreciation": "None", "depreciationAndAmortization": "32700000", "incomeBeforeTax": "8600000", "incomeTaxExpense": "32800000", "interestAndDebtExpense": "None", "netIncomeFromContinuingOperations": "-24200000", "comprehensiveIncomeNetOfTax": "-30800000", "ebit": "24800000", "ebitda": "57500000", "netIncome": "-24200000"}, {"fiscalDateEnding": "2019-01-31", "reportedCurrency": "USD", "grossProfit": "660300000", "totalRevenue": "737300000", "costOfRevenue": "77000000", "costofGoodsAndServicesSold": "4900000", "operatingIncome": "40300000", "sellingGeneralAndAdministrative": "421500000", "researchAndDevelopment": "190400000", "operatingExpenses": "620000000", "investmentIncomeNet": "None", "netInterestIncome": "-7300000", "interestIncome": "None", "interestExpense": "15500000", "nonInterestIncome": "737300000", "otherNonOperatingIncome": "None", "depreciation": "None", "depreciationAndAmortization": "25400000", "incomeBeforeTax": "33000000", "incomeTaxExpense": "-31700000", "interestAndDebtExpense": "None", "netIncomeFromContinuingOperations": "8600000", "comprehensiveIncomeNetOfTax": "87200000", "ebit": "40300000", "ebitda": "65700000", "netIncome": "64700000"}, {"fiscalDateEnding": "2018-10-31", "reportedCurrency": "USD", "grossProfit": "588600000", "totalRevenue": "660900000", "costOfRevenue": "72300000", "costofGoodsAndServicesSold": "3600000", "operatingIncome": "14700000", "sellingGeneralAndAdministrative": "385000000", "researchAndDevelopment": "181000000", "operatingExpenses": "573900000", "investmentIncomeNet": "None", "netInterestIncome": "-3200000", "interestIncome": "None", "interestExpense": "14700000", "nonInterestIncome": "660900000", "otherNonOperatingIncome": "None", "depreciation": "None", "depreciationAndAmortization": "23500000", "incomeBeforeTax": "11500000", "incomeTaxExpense": "35200000", "interestAndDebtExpense": "None", "netIncomeFromContinuingOperations": "-23700000", "comprehensiveIncomeNetOfTax": "-30300000", "ebit": "14700000", "ebitda": "38200000", "netIncome": "-23700000"}, {"fiscalDateEnding": "2018-07-31", "reportedCurrency": "USD", "grossProfit": "541900000", "totalRevenue": "611700000", "costOfRevenue": "69800000", "costofGoodsAndServicesSold": "3400000", "operatingIncome": "-24700000", "sellingGeneralAndAdministrative": "368200000", "researchAndDevelopment": "180800000", "operatingExpenses": "566600000", "investmentIncomeNet": "None", "netInterestIncome": "1300000", "interestIncome": "None", "interestExpense": "8700000", "nonInterestIncome": "611700000", "otherNonOperatingIncome": "None", "depreciation": "None", "depreciationAndAmortization": "22200000", "incomeBeforeTax": "-23400000", "incomeTaxExpense": "16000000", "interestAndDebtExpense": "None", "netIncomeFromContinuingOperations": "-39400000", "comprehensiveIncomeNetOfTax": "-56500000", "ebit": "-24700000", "ebitda": "-2500000", "netIncome": "-39400000"}, {"fiscalDateEnding": "2018-04-30", "reportedCurrency": "USD", "grossProfit": "493100000", "totalRevenue": "559900000", "costOfRevenue": "66800000", "costofGoodsAndServicesSold": "3600000", "operatingIncome": "-55300000", "sellingGeneralAndAdministrative": "349300000", "researchAndDevelopment": "172800000", "operatingExpenses": "548400000", "investmentIncomeNet": "None", "netInterestIncome": "-8500000", "interestIncome": "None", "interestExpense": "13200000", "nonInterestIncome": "559900000", "otherNonOperatingIncome": "None", "depreciation": "None", "depreciationAndAmortization": "24100000", "incomeBeforeTax": "-63800000", "incomeTaxExpense": "18600000", "interestAndDebtExpense": "None", "netIncomeFromContinuingOperations": "-82400000", "comprehensiveIncomeNetOfTax": "-92400000", "ebit": "-55300000", "ebitda": "-31200000", "netIncome": "-82400000"}, {"fiscalDateEnding": "2018-01-31", "reportedCurrency": "USD", "grossProfit": "480700000", "totalRevenue": "553800000", "costOfRevenue": "73100000", "costofGoodsAndServicesSold": "234700000", "operatingIncome": "-181900000", "sellingGeneralAndAdministrative": "381600000", "researchAndDevelopment": "182200000", "operatingExpenses": "662600000", "investmentIncomeNet": "None", "netInterestIncome": "-16400000", "interestIncome": "None", "interestExpense": "8400000", "nonInterestIncome": "553800000", "otherNonOperatingIncome": "None", "depreciation": "None", "depreciationAndAmortization": "26900000", "incomeBeforeTax": "-198300000", "incomeTaxExpense": "-24800000", "interestAndDebtExpense": "None", "netIncomeFromContinuingOperations": "-157100000", "comprehensiveIncomeNetOfTax": "-141800000", "ebit": "-181900000", "ebitda": "-155000000", "netIncome": "-173500000"}, {"fiscalDateEnding": "2017-10-31", "reportedCurrency": "USD", "grossProfit": "437800000", "totalRevenue": "515300000", "costOfRevenue": "77500000", "costofGoodsAndServicesSold": "23600000", "operatingIncome": "-100000000", "sellingGeneralAndAdministrative": "341300000", "researchAndDevelopment": "191800000", "operatingExpenses": "537800000", "investmentIncomeNet": "None", "netInterestIncome": "-11200000", "interestIncome": "None", "interestExpense": "9200000", "nonInterestIncome": "515300000", "otherNonOperatingIncome": "None", "depreciation": "None", "depreciationAndAmortization": "24700000", "incomeBeforeTax": "-111200000", "incomeTaxExpense": "8600000", "interestAndDebtExpense": "None", "netIncomeFromContinuingOperations": "-119800000", "comprehensiveIncomeNetOfTax": "-122400000", "ebit": "-100000000", "ebitda": "-75300000", "netIncome": "-119800000"}, {"fiscalDateEnding": "2017-07-31", "reportedCurrency": "USD", "grossProfit": "427200000", "totalRevenue": "501800000", "costOfRevenue": "74600000", "costofGoodsAndServicesSold": "21800000", "operatingIncome": "-107600000", "sellingGeneralAndAdministrative": "335600000", "researchAndDevelopment": "193800000", "operatingExpenses": "534800000", "investmentIncomeNet": "None", "netInterestIncome": "-18800000", "interestIncome": "None", "interestExpense": "10000000", "nonInterestIncome": "501800000", "otherNonOperatingIncome": "None", "depreciation": "None", "depreciationAndAmortization": "28400000", "incomeBeforeTax": "-126400000", "incomeTaxExpense": "17600000", "interestAndDebtExpense": "None", "netIncomeFromContinuingOperations": "-144000000", "comprehensiveIncomeNetOfTax": "-130600000", "ebit": "-107600000", "ebitda": "-79200000", "netIncome": "-144000000"}, {"fiscalDateEnding": "2017-04-30", "reportedCurrency": "USD", "grossProfit": "407500000", "totalRevenue": "485700000", "costOfRevenue": "78200000", "costofGoodsAndServicesSold": "23300000", "operatingIncome": "-119600000", "sellingGeneralAndAdministrative": "334000000", "researchAndDevelopment": "187700000", "operatingExpenses": "527100000", "investmentIncomeNet": "None", "netInterestIncome": "-1800000", "interestIncome": "None", "interestExpense": "6900000", "nonInterestIncome": "485700000", "otherNonOperatingIncome": "None", "depreciation": "None", "depreciationAndAmortization": "28400000", "incomeBeforeTax": "-121400000", "incomeTaxExpense": "8200000", "interestAndDebtExpense": "None", "netIncomeFromContinuingOperations": "-129600000", "comprehensiveIncomeNetOfTax": "-117400000", "ebit": "-119600000", "ebitda": "-91200000", "netIncome": "-129600000"}, {"fiscalDateEnding": "2017-01-31", "reportedCurrency": "USD", "grossProfit": "395900000", "totalRevenue": "478800000", "costOfRevenue": "82900000", "costofGoodsAndServicesSold": "82900000", "operatingIncome": "-167100000", "sellingGeneralAndAdministrative": "357700000", "researchAndDevelopment": "187000000", "operatingExpenses": "563000000", "investmentIncomeNet": "None", "netInterestIncome": "-1100000", "interestIncome": "None", "interestExpense": "7200000", "nonInterestIncome": "None", "otherNonOperatingIncome": "None", "depreciation": "None", "depreciationAndAmortization": "34700000", "incomeBeforeTax": "-168200000", "incomeTaxExpense": "5200000", "interestAndDebtExpense": "None", "netIncomeFromContinuingOperations": "-172300000", "comprehensiveIncomeNetOfTax": "-164400000", "ebit": "-167100000", "ebitda": "-132400000", "netIncome": "-173400000"}, {"fiscalDateEnding": "2016-10-31", "reportedCurrency": "USD", "grossProfit": "408100000", "totalRevenue": "489600000", "costOfRevenue": "81500000", "costofGoodsAndServicesSold": "81500000", "operatingIncome": "-119900000", "sellingGeneralAndAdministrative": "325400000", "researchAndDevelopment": "192600000", "operatingExpenses": "528000000", "investmentIncomeNet": "None", "netInterestIncome": "-9400000", "interestIncome": "None", "interestExpense": "9700000", "nonInterestIncome": "None", "otherNonOperatingIncome": "None", "depreciation": "None", "depreciationAndAmortization": "34100000", "incomeBeforeTax": "-129300000", "incomeTaxExpense": "13500000", "interestAndDebtExpense": "None", "netIncomeFromContinuingOperations": "-142800000", "comprehensiveIncomeNetOfTax": "-200500000", "ebit": "-119900000", "ebitda": "-85800000", "netIncome": "-142800000"}]}