{"symbol": "AFL", "annualReports": [{"fiscalDateEnding": "2020-12-31", "reportedCurrency": "USD", "grossProfit": "-6150000000", "totalRevenue": "22147000000", "costOfRevenue": "28297000000", "costofGoodsAndServicesSold": "None", "operatingIncome": "4416000000", "sellingGeneralAndAdministrative": "3420000000", "researchAndDevelopment": "None", "operatingExpenses": "4777000000", "investmentIncomeNet": "-212000000", "netInterestIncome": "-242000000", "interestIncome": "-242000000", "interestExpense": "242000000", "nonInterestIncome": "19021000000", "otherNonOperatingIncome": "-28000000", "depreciation": "36000000", "depreciationAndAmortization": "41000000", "incomeBeforeTax": "4159000000", "incomeTaxExpense": "-619000000", "interestAndDebtExpense": "242000000", "netIncomeFromContinuingOperations": "4778000000", "comprehensiveIncomeNetOfTax": "6249000000", "ebit": "4401000000", "ebitda": "4442000000", "netIncome": "4778000000"}, {"fiscalDateEnding": "2019-12-31", "reportedCurrency": "USD", "grossProfit": "-5997000000", "totalRevenue": "22307000000", "costOfRevenue": "28304000000", "costofGoodsAndServicesSold": "14545000000", "operatingIncome": "4461000000", "sellingGeneralAndAdministrative": "3089000000", "researchAndDevelopment": "None", "operatingExpenses": "4451000000", "investmentIncomeNet": "-177000000", "netInterestIncome": "-228000000", "interestIncome": "-228000000", "interestExpense": "228000000", "nonInterestIncome": "18606000000", "otherNonOperatingIncome": "-1000000", "depreciation": "40000000", "depreciationAndAmortization": "41000000", "incomeBeforeTax": "4445000000", "incomeTaxExpense": "1141000000", "interestAndDebtExpense": "228000000", "netIncomeFromContinuingOperations": "3304000000", "comprehensiveIncomeNetOfTax": "7768000000", "ebit": "4673000000", "ebitda": "4714000000", "netIncome": "3304000000"}, {"fiscalDateEnding": "2018-12-31", "reportedCurrency": "USD", "grossProfit": "-6549000000", "totalRevenue": "21758000000", "costOfRevenue": "28307000000", "costofGoodsAndServicesSold": "14565000000", "operatingIncome": "4354000000", "sellingGeneralAndAdministrative": "2988000000", "researchAndDevelopment": "None", "operatingExpenses": "4357000000", "investmentIncomeNet": "-148000000", "netInterestIncome": "-222000000", "interestIncome": "-222000000", "interestExpense": "222000000", "nonInterestIncome": "18453000000", "otherNonOperatingIncome": "-74000000", "depreciation": "48000000", "depreciationAndAmortization": "49000000", "incomeBeforeTax": "3983000000", "incomeTaxExpense": "1063000000", "interestAndDebtExpense": "222000000", "netIncomeFromContinuingOperations": "2920000000", "comprehensiveIncomeNetOfTax": "817000000", "ebit": "4205000000", "ebitda": "4254000000", "netIncome": "2920000000"}, {"fiscalDateEnding": "2017-12-31", "reportedCurrency": "USD", "grossProfit": "-6660000000", "totalRevenue": "21667000000", "costOfRevenue": "28327000000", "costofGoodsAndServicesSold": "14629000000", "operatingIncome": "4087000000", "sellingGeneralAndAdministrative": "2780000000", "researchAndDevelopment": "None", "operatingExpenses": "4149000000", "investmentIncomeNet": "-114000000", "netInterestIncome": "-240000000", "interestIncome": "-240000000", "interestExpense": "240000000", "nonInterestIncome": "18389000000", "otherNonOperatingIncome": "-69000000", "depreciation": "50000000", "depreciationAndAmortization": "53000000", "incomeBeforeTax": "4018000000", "incomeTaxExpense": "-586000000", "interestAndDebtExpense": "240000000", "netIncomeFromContinuingOperations": "4604000000", "comprehensiveIncomeNetOfTax": "6002000000", "ebit": "4258000000", "ebitda": "4311000000", "netIncome": "4604000000"}, {"fiscalDateEnding": "2016-12-31", "reportedCurrency": "USD", "grossProfit": "-6926000000", "totalRevenue": "22559000000", "costOfRevenue": "29485000000", "costofGoodsAndServicesSold": "15428000000", "operatingIncome": "4117000000", "sellingGeneralAndAdministrative": "2796000000", "researchAndDevelopment": "None", "operatingExpenses": "4218000000", "investmentIncomeNet": "-107000000", "netInterestIncome": "-268000000", "interestIncome": "-268000000", "interestExpense": "268000000", "nonInterestIncome": "18970000000", "otherNonOperatingIncome": "-137000000", "depreciation": "48000000", "depreciationAndAmortization": "54000000", "incomeBeforeTax": "4067000000", "incomeTaxExpense": "1408000000", "interestAndDebtExpense": "268000000", "netIncomeFromContinuingOperations": "2659000000", "comprehensiveIncomeNetOfTax": "4664000000", "ebit": "4335000000", "ebitda": "4389000000", "netIncome": "2659000000"}], "quarterlyReports": [{"fiscalDateEnding": "2021-09-30", "reportedCurrency": "USD", "grossProfit": "-1132000000", "totalRevenue": "5237000000", "costOfRevenue": "6369000000", "costofGoodsAndServicesSold": "None", "operatingIncome": "1293000000", "sellingGeneralAndAdministrative": "869000000", "researchAndDevelopment": "None", "operatingExpenses": "1180000000", "investmentIncomeNet": "None", "netInterestIncome": "-57000000", "interestIncome": "-57000000", "interestExpense": "57000000", "nonInterestIncome": "4198000000", "otherNonOperatingIncome": "-8000000", "depreciation": "None", "depreciationAndAmortization": "869000000", "incomeBeforeTax": "1113000000", "incomeTaxExpense": "225000000", "interestAndDebtExpense": "57000000", "netIncomeFromContinuingOperations": "888000000", "comprehensiveIncomeNetOfTax": "531000000", "ebit": "1170000000", "ebitda": "1982000000", "netIncome": "888000000"}, {"fiscalDateEnding": "2021-06-30", "reportedCurrency": "USD", "grossProfit": "-910000000", "totalRevenue": "5564000000", "costOfRevenue": "6474000000", "costofGoodsAndServicesSold": "None", "operatingIncome": "1341000000", "sellingGeneralAndAdministrative": "881000000", "researchAndDevelopment": "None", "operatingExpenses": "1196000000", "investmentIncomeNet": "None", "netInterestIncome": "-62000000", "interestIncome": "-62000000", "interestExpense": "62000000", "nonInterestIncome": "4345000000", "otherNonOperatingIncome": "-53000000", "depreciation": "None", "depreciationAndAmortization": "None", "incomeBeforeTax": "1373000000", "incomeTaxExpense": "268000000", "interestAndDebtExpense": "62000000", "netIncomeFromContinuingOperations": "1105000000", "comprehensiveIncomeNetOfTax": "2317000000", "ebit": "1435000000", "ebitda": "1435000000", "netIncome": "1105000000"}, {"fiscalDateEnding": "2021-03-31", "reportedCurrency": "USD", "grossProfit": "-751000000", "totalRevenue": "5869000000", "costOfRevenue": "6620000000", "costofGoodsAndServicesSold": "None", "operatingIncome": "1306000000", "sellingGeneralAndAdministrative": "832000000", "researchAndDevelopment": "None", "operatingExpenses": "1158000000", "investmentIncomeNet": "None", "netInterestIncome": "-62000000", "interestIncome": "-62000000", "interestExpense": "62000000", "nonInterestIncome": "4306000000", "otherNonOperatingIncome": "-7000000", "depreciation": "None", "depreciationAndAmortization": "311000000", "incomeBeforeTax": "1603000000", "incomeTaxExpense": "310000000", "interestAndDebtExpense": "62000000", "netIncomeFromContinuingOperations": "1293000000", "comprehensiveIncomeNetOfTax": "-834000000", "ebit": "1665000000", "ebitda": "1976000000", "netIncome": "1293000000"}, {"fiscalDateEnding": "2020-12-31", "reportedCurrency": "USD", "grossProfit": "5913000000", "totalRevenue": "5913000000", "costOfRevenue": "7339000000", "costofGoodsAndServicesSold": "None", "operatingIncome": "961000000", "sellingGeneralAndAdministrative": "1038000000", "researchAndDevelopment": "None", "operatingExpenses": "1402000000", "investmentIncomeNet": "None", "netInterestIncome": "-61000000", "interestIncome": "-61000000", "interestExpense": "61000000", "nonInterestIncome": "4653000000", "otherNonOperatingIncome": "-12000000", "depreciation": "None", "depreciationAndAmortization": "300000", "incomeBeforeTax": "1217000000", "incomeTaxExpense": "265000000", "interestAndDebtExpense": "61000000", "netIncomeFromContinuingOperations": "951000000", "comprehensiveIncomeNetOfTax": "1969000000", "ebit": "1278000000", "ebitda": "1278000000", "netIncome": "952000000"}, {"fiscalDateEnding": "2020-09-30", "reportedCurrency": "USD", "grossProfit": "-1450000000", "totalRevenue": "5665000000", "costOfRevenue": "7115000000", "costofGoodsAndServicesSold": "None", "operatingIncome": "1037000000", "sellingGeneralAndAdministrative": "847000000", "researchAndDevelopment": "None", "operatingExpenses": "1172000000", "investmentIncomeNet": "None", "netInterestIncome": "-63000000", "interestIncome": "-63000000", "interestExpense": "63000000", "nonInterestIncome": "4761000000", "otherNonOperatingIncome": "-1000000", "depreciation": "None", "depreciationAndAmortization": "914000", "incomeBeforeTax": "1153000000", "incomeTaxExpense": "-1303000000", "interestAndDebtExpense": "63000000", "netIncomeFromContinuingOperations": "2456000000", "comprehensiveIncomeNetOfTax": "3623000000", "ebit": "1216000000", "ebitda": "1216000000", "netIncome": "2456000000"}, {"fiscalDateEnding": "2020-06-30", "reportedCurrency": "USD", "grossProfit": "-1438000000", "totalRevenue": "5407000000", "costOfRevenue": "6845000000", "costofGoodsAndServicesSold": "None", "operatingIncome": "1235000000", "sellingGeneralAndAdministrative": "756000000", "researchAndDevelopment": "None", "operatingExpenses": "1088000000", "investmentIncomeNet": "None", "netInterestIncome": "-63000000", "interestIncome": "-63000000", "interestExpense": "63000000", "nonInterestIncome": "4784000000", "otherNonOperatingIncome": "1000000", "depreciation": "None", "depreciationAndAmortization": "None", "incomeBeforeTax": "1070000000", "incomeTaxExpense": "265000000", "interestAndDebtExpense": "63000000", "netIncomeFromContinuingOperations": "805000000", "comprehensiveIncomeNetOfTax": "3367000000", "ebit": "1133000000", "ebitda": "None", "netIncome": "805000000"}, {"fiscalDateEnding": "2020-03-31", "reportedCurrency": "USD", "grossProfit": "-1834000000", "totalRevenue": "5162000000", "costOfRevenue": "6996000000", "costofGoodsAndServicesSold": "None", "operatingIncome": "1183000000", "sellingGeneralAndAdministrative": "779000000", "researchAndDevelopment": "None", "operatingExpenses": "1115000000", "investmentIncomeNet": "None", "netInterestIncome": "-55000000", "interestIncome": "-55000000", "interestExpense": "55000000", "nonInterestIncome": "4596000000", "otherNonOperatingIncome": "-15000000", "depreciation": "None", "depreciationAndAmortization": "None", "incomeBeforeTax": "720000000", "incomeTaxExpense": "154000000", "interestAndDebtExpense": "55000000", "netIncomeFromContinuingOperations": "566000000", "comprehensiveIncomeNetOfTax": "-2709000000", "ebit": "775000000", "ebitda": "None", "netIncome": "566000000"}, {"fiscalDateEnding": "2019-12-31", "reportedCurrency": "USD", "grossProfit": "5603000000", "totalRevenue": "5603000000", "costOfRevenue": "7173000000", "costofGoodsAndServicesSold": "3630000000", "operatingIncome": "1023000000", "sellingGeneralAndAdministrative": "859000000", "researchAndDevelopment": "None", "operatingExpenses": "1231000000", "investmentIncomeNet": "None", "netInterestIncome": "-57000000", "interestIncome": "-57000000", "interestExpense": "57000000", "nonInterestIncome": "4671000000", "otherNonOperatingIncome": "0", "depreciation": "None", "depreciationAndAmortization": "None", "incomeBeforeTax": "1057000000", "incomeTaxExpense": "276000000", "interestAndDebtExpense": "57000000", "netIncomeFromContinuingOperations": "782000000", "comprehensiveIncomeNetOfTax": "145000000", "ebit": "1114000000", "ebitda": "None", "netIncome": "781000000"}, {"fiscalDateEnding": "2019-09-30", "reportedCurrency": "USD", "grossProfit": "-1610000000", "totalRevenue": "5536000000", "costOfRevenue": "7146000000", "costofGoodsAndServicesSold": "3674000000", "operatingIncome": "1156000000", "sellingGeneralAndAdministrative": "769000000", "researchAndDevelopment": "None", "operatingExpenses": "1099000000", "investmentIncomeNet": "None", "netInterestIncome": "-57000000", "interestIncome": "-57000000", "interestExpense": "57000000", "nonInterestIncome": "4590000000", "otherNonOperatingIncome": "0", "depreciation": "None", "depreciationAndAmortization": "None", "incomeBeforeTax": "1036000000", "incomeTaxExpense": "259000000", "interestAndDebtExpense": "57000000", "netIncomeFromContinuingOperations": "777000000", "comprehensiveIncomeNetOfTax": "1664000000", "ebit": "1093000000", "ebitda": "None", "netIncome": "777000000"}, {"fiscalDateEnding": "2019-06-30", "reportedCurrency": "USD", "grossProfit": "-1476000000", "totalRevenue": "5511000000", "costOfRevenue": "6987000000", "costofGoodsAndServicesSold": "3602000000", "operatingIncome": "1143000000", "sellingGeneralAndAdministrative": "743000000", "researchAndDevelopment": "None", "operatingExpenses": "1072000000", "investmentIncomeNet": "None", "netInterestIncome": "-57000000", "interestIncome": "-57000000", "interestExpense": "57000000", "nonInterestIncome": "4803000000", "otherNonOperatingIncome": "0", "depreciation": "None", "depreciationAndAmortization": "None", "incomeBeforeTax": "1109000000", "incomeTaxExpense": "292000000", "interestAndDebtExpense": "57000000", "netIncomeFromContinuingOperations": "817000000", "comprehensiveIncomeNetOfTax": "2700000000", "ebit": "1166000000", "ebitda": "None", "netIncome": "817000000"}, {"fiscalDateEnding": "2019-03-31", "reportedCurrency": "USD", "grossProfit": "-1341000000", "totalRevenue": "5657000000", "costOfRevenue": "6998000000", "costofGoodsAndServicesSold": "3638000000", "operatingIncome": "1139000000", "sellingGeneralAndAdministrative": "719000000", "researchAndDevelopment": "None", "operatingExpenses": "1050000000", "investmentIncomeNet": "None", "netInterestIncome": "-58000000", "interestIncome": "None", "interestExpense": "58000000", "nonInterestIncome": "4691000000", "otherNonOperatingIncome": "0", "depreciation": "None", "depreciationAndAmortization": "None", "incomeBeforeTax": "1242000000", "incomeTaxExpense": "314000000", "interestAndDebtExpense": "58000000", "netIncomeFromContinuingOperations": "928000000", "comprehensiveIncomeNetOfTax": "3258000000", "ebit": "1300000000", "ebitda": "None", "netIncome": "928000000"}, {"fiscalDateEnding": "2018-12-31", "reportedCurrency": "USD", "grossProfit": "5126000000", "totalRevenue": "5126000000", "costOfRevenue": "7012000000", "costofGoodsAndServicesSold": "3551000000", "operatingIncome": "1045000000", "sellingGeneralAndAdministrative": "795000000", "researchAndDevelopment": "None", "operatingExpenses": "1157000000", "investmentIncomeNet": "None", "netInterestIncome": "-58000000", "interestIncome": "None", "interestExpense": "58000000", "nonInterestIncome": "4591000000", "otherNonOperatingIncome": "-1000000", "depreciation": "None", "depreciationAndAmortization": "None", "incomeBeforeTax": "722000000", "incomeTaxExpense": "197000000", "interestAndDebtExpense": "58000000", "netIncomeFromContinuingOperations": "525000000", "comprehensiveIncomeNetOfTax": "767000000", "ebit": "780000000", "ebitda": "None", "netIncome": "525000000"}, {"fiscalDateEnding": "2018-09-30", "reportedCurrency": "USD", "grossProfit": "-1479000000", "totalRevenue": "5577000000", "costOfRevenue": "7056000000", "costofGoodsAndServicesSold": "3648000000", "operatingIncome": "1061000000", "sellingGeneralAndAdministrative": "730000000", "researchAndDevelopment": "None", "operatingExpenses": "1061000000", "investmentIncomeNet": "None", "netInterestIncome": "-53000000", "interestIncome": "None", "interestExpense": "53000000", "nonInterestIncome": "4474000000", "otherNonOperatingIncome": "-3000000", "depreciation": "None", "depreciationAndAmortization": "None", "incomeBeforeTax": "1146000000", "incomeTaxExpense": "301000000", "interestAndDebtExpense": "53000000", "netIncomeFromContinuingOperations": "845000000", "comprehensiveIncomeNetOfTax": "-98000000", "ebit": "1199000000", "ebitda": "None", "netIncome": "845000000"}, {"fiscalDateEnding": "2018-06-30", "reportedCurrency": "USD", "grossProfit": "-1515000000", "totalRevenue": "5589000000", "costOfRevenue": "7104000000", "costofGoodsAndServicesSold": "3672000000", "operatingIncome": "1138000000", "sellingGeneralAndAdministrative": "732000000", "researchAndDevelopment": "None", "operatingExpenses": "1070000000", "investmentIncomeNet": "None", "netInterestIncome": "-54000000", "interestIncome": "None", "interestExpense": "54000000", "nonInterestIncome": "4534000000", "otherNonOperatingIncome": "-42000000", "depreciation": "None", "depreciationAndAmortization": "None", "incomeBeforeTax": "1131000000", "incomeTaxExpense": "299000000", "interestAndDebtExpense": "54000000", "netIncomeFromContinuingOperations": "832000000", "comprehensiveIncomeNetOfTax": "-1000000", "ebit": "1185000000", "ebitda": "None", "netIncome": "832000000"}, {"fiscalDateEnding": "2018-03-31", "reportedCurrency": "USD", "grossProfit": "-1667000000", "totalRevenue": "5464000000", "costOfRevenue": "7131000000", "costofGoodsAndServicesSold": "4397000000", "operatingIncome": "1109000000", "sellingGeneralAndAdministrative": "733000000", "researchAndDevelopment": "None", "operatingExpenses": "1070000000", "investmentIncomeNet": "None", "netInterestIncome": "-56000000", "interestIncome": "None", "interestExpense": "56000000", "nonInterestIncome": "4661000000", "otherNonOperatingIncome": "-29000000", "depreciation": "None", "depreciationAndAmortization": "None", "incomeBeforeTax": "982000000", "incomeTaxExpense": "265000000", "interestAndDebtExpense": "56000000", "netIncomeFromContinuingOperations": "717000000", "comprehensiveIncomeNetOfTax": "374000000", "ebit": "1038000000", "ebitda": "None", "netIncome": "717000000"}, {"fiscalDateEnding": "2017-12-31", "reportedCurrency": "USD", "grossProfit": "5424000000", "totalRevenue": "5424000000", "costOfRevenue": "7106000000", "costofGoodsAndServicesSold": "4335000000", "operatingIncome": "973000000", "sellingGeneralAndAdministrative": "755000000", "researchAndDevelopment": "None", "operatingExpenses": "1128000000", "investmentIncomeNet": "None", "netInterestIncome": "-59000000", "interestIncome": "None", "interestExpense": "59000000", "nonInterestIncome": "4580000000", "otherNonOperatingIncome": "-31000000", "depreciation": "None", "depreciationAndAmortization": "None", "incomeBeforeTax": "998000000", "incomeTaxExpense": "-1585000000", "interestAndDebtExpense": "59000000", "netIncomeFromContinuingOperations": "2584000000", "comprehensiveIncomeNetOfTax": "3080000000", "ebit": "1057000000", "ebitda": "None", "netIncome": "2583000000"}, {"fiscalDateEnding": "2017-09-30", "reportedCurrency": "USD", "grossProfit": "-1617000000", "totalRevenue": "5506000000", "costOfRevenue": "7123000000", "costofGoodsAndServicesSold": "4362000000", "operatingIncome": "1014000000", "sellingGeneralAndAdministrative": "686000000", "researchAndDevelopment": "None", "operatingExpenses": "1018000000", "investmentIncomeNet": "None", "netInterestIncome": "-59000000", "interestIncome": "None", "interestExpense": "59000000", "nonInterestIncome": "4625000000", "otherNonOperatingIncome": "-10000000", "depreciation": "None", "depreciationAndAmortization": "None", "incomeBeforeTax": "1075000000", "incomeTaxExpense": "359000000", "interestAndDebtExpense": "59000000", "netIncomeFromContinuingOperations": "716000000", "comprehensiveIncomeNetOfTax": "846000000", "ebit": "1134000000", "ebitda": "None", "netIncome": "716000000"}, {"fiscalDateEnding": "2017-06-30", "reportedCurrency": "USD", "grossProfit": "-1598000000", "totalRevenue": "5428000000", "costOfRevenue": "7026000000", "costofGoodsAndServicesSold": "4314000000", "operatingIncome": "1073000000", "sellingGeneralAndAdministrative": "665000000", "researchAndDevelopment": "None", "operatingExpenses": "1000000000", "investmentIncomeNet": "None", "netInterestIncome": "-61000000", "interestIncome": "None", "interestExpense": "61000000", "nonInterestIncome": "4613000000", "otherNonOperatingIncome": "-9000000", "depreciation": "None", "depreciationAndAmortization": "None", "incomeBeforeTax": "1045000000", "incomeTaxExpense": "332000000", "interestAndDebtExpense": "61000000", "netIncomeFromContinuingOperations": "713000000", "comprehensiveIncomeNetOfTax": "1482000000", "ebit": "1106000000", "ebitda": "None", "netIncome": "713000000"}, {"fiscalDateEnding": "2017-03-31", "reportedCurrency": "USD", "grossProfit": "-1703000000", "totalRevenue": "5309000000", "costOfRevenue": "7012000000", "costofGoodsAndServicesSold": "4343000000", "operatingIncome": "1027000000", "sellingGeneralAndAdministrative": "675000000", "researchAndDevelopment": "None", "operatingExpenses": "1003000000", "investmentIncomeNet": "None", "netInterestIncome": "-62000000", "interestIncome": "None", "interestExpense": "62000000", "nonInterestIncome": "4515000000", "otherNonOperatingIncome": "-20000000", "depreciation": "None", "depreciationAndAmortization": "None", "incomeBeforeTax": "898000000", "incomeTaxExpense": "306000000", "interestAndDebtExpense": "62000000", "netIncomeFromContinuingOperations": "592000000", "comprehensiveIncomeNetOfTax": "594000000", "ebit": "960000000", "ebitda": "None", "netIncome": "592000000"}, {"fiscalDateEnding": "2016-12-31", "reportedCurrency": "USD", "grossProfit": "5955000000", "totalRevenue": "5955000000", "costOfRevenue": "7512000000", "costofGoodsAndServicesSold": "4593000000", "operatingIncome": "904000000", "sellingGeneralAndAdministrative": "848000000", "researchAndDevelopment": "None", "operatingExpenses": "1239000000", "investmentIncomeNet": "None", "netInterestIncome": "-72000000", "interestIncome": "None", "interestExpense": "72000000", "nonInterestIncome": "4778000000", "otherNonOperatingIncome": "-136000000", "depreciation": "None", "depreciationAndAmortization": "None", "incomeBeforeTax": "1153000000", "incomeTaxExpense": "402000000", "interestAndDebtExpense": "72000000", "netIncomeFromContinuingOperations": "751000000", "comprehensiveIncomeNetOfTax": "-1983000000", "ebit": "1225000000", "ebitda": "None", "netIncome": "751000000"}]}