{"symbol": "AIZ", "annualReports": [{"fiscalDateEnding": "2020-12-31", "reportedCurrency": "USD", "grossProfit": "-2020100000", "totalRevenue": "10094800000", "costOfRevenue": "12114900000", "costofGoodsAndServicesSold": "None", "operatingIncome": "-5363800000", "sellingGeneralAndAdministrative": "3110000000", "researchAndDevelopment": "None", "operatingExpenses": "3343700000", "investmentIncomeNet": "-25900000", "netInterestIncome": "-104500000", "interestIncome": "-110400000", "interestExpense": "104500000", "nonInterestIncome": "8353600000", "otherNonOperatingIncome": "None", "depreciation": "60000000", "depreciationAndAmortization": "73900000", "incomeBeforeTax": "514400000", "incomeTaxExpense": "72600000", "interestAndDebtExpense": "104500000", "netIncomeFromContinuingOperations": "442700000", "comprehensiveIncomeNetOfTax": "740100000", "ebit": "618900000", "ebitda": "692800000", "netIncome": "441800000"}, {"fiscalDateEnding": "2019-12-31", "reportedCurrency": "USD", "grossProfit": "-1861200000", "totalRevenue": "10086800000", "costOfRevenue": "11948000000", "costofGoodsAndServicesSold": "8989500000", "operatingIncome": "-5190100000", "sellingGeneralAndAdministrative": "3250500000", "researchAndDevelopment": "None", "operatingExpenses": "3353300000", "investmentIncomeNet": "-24500000", "netInterestIncome": "-110600000", "interestIncome": "-273600000", "interestExpense": "110600000", "nonInterestIncome": "7989500000", "otherNonOperatingIncome": "None", "depreciation": "55300000", "depreciationAndAmortization": "62200000", "incomeBeforeTax": "550300000", "incomeTaxExpense": "167700000", "interestAndDebtExpense": "142000000", "netIncomeFromContinuingOperations": "386800000", "comprehensiveIncomeNetOfTax": "949500000", "ebit": "660900000", "ebitda": "723100000", "netIncome": "382600000"}, {"fiscalDateEnding": "2018-12-31", "reportedCurrency": "USD", "grossProfit": "-2016700000", "totalRevenue": "8057600000", "costOfRevenue": "10074300000", "costofGoodsAndServicesSold": "7272000000", "operatingIncome": "-5105100000", "sellingGeneralAndAdministrative": "2980400000", "researchAndDevelopment": "None", "operatingExpenses": "3110300000", "investmentIncomeNet": "-23300000", "netInterestIncome": "-100300000", "interestIncome": "-100300000", "interestExpense": "100300000", "nonInterestIncome": "6138900000", "otherNonOperatingIncome": "None", "depreciation": "39000000", "depreciationAndAmortization": "77900000", "incomeBeforeTax": "331900000", "incomeTaxExpense": "80900000", "interestAndDebtExpense": "100300000", "netIncomeFromContinuingOperations": "252600000", "comprehensiveIncomeNetOfTax": "-186500000", "ebit": "432200000", "ebitda": "510100000", "netIncome": "251000000"}, {"fiscalDateEnding": "2017-12-31", "reportedCurrency": "USD", "grossProfit": "-1454500000", "totalRevenue": "6415000000", "costOfRevenue": "7869500000", "costofGoodsAndServicesSold": "5707500000", "operatingIncome": "-4242800000", "sellingGeneralAndAdministrative": "2710400000", "researchAndDevelopment": "None", "operatingExpenses": "2782600000", "investmentIncomeNet": "-21900000", "netInterestIncome": "-49500000", "interestIncome": "-49500000", "interestExpense": "49500000", "nonInterestIncome": "4409800000", "otherNonOperatingIncome": "None", "depreciation": "34200000", "depreciationAndAmortization": "72600000", "incomeBeforeTax": "444500000", "incomeTaxExpense": "-75100000", "interestAndDebtExpense": "49500000", "netIncomeFromContinuingOperations": "-16600000", "comprehensiveIncomeNetOfTax": "659000000", "ebit": "494000000", "ebitda": "566600000", "netIncome": "519600000"}, {"fiscalDateEnding": "2016-12-31", "reportedCurrency": "USD", "grossProfit": "-971649000", "totalRevenue": "7531800000", "costOfRevenue": "8503429000", "costofGoodsAndServicesSold": "6175600000", "operatingIncome": "-4506767000", "sellingGeneralAndAdministrative": "3442800000", "researchAndDevelopment": "None", "operatingExpenses": "3535118000", "investmentIncomeNet": "-17717000", "netInterestIncome": "-57619000", "interestIncome": "-19000", "interestExpense": "57600000", "nonInterestIncome": "4984333000", "otherNonOperatingIncome": "None", "depreciation": "41700000", "depreciationAndAmortization": "44837000", "incomeBeforeTax": "848600000", "incomeTaxExpense": "283200000", "interestAndDebtExpense": "80650000", "netIncomeFromContinuingOperations": "565350000", "comprehensiveIncomeNetOfTax": "541400000", "ebit": "906200000", "ebitda": "951037000", "netIncome": "565400000"}], "quarterlyReports": [{"fiscalDateEnding": "2021-09-30", "reportedCurrency": "USD", "grossProfit": "590400000", "totalRevenue": "2637800000", "costOfRevenue": "2047400000", "costofGoodsAndServicesSold": "None", "operatingIncome": "-228600000", "sellingGeneralAndAdministrative": "818300000", "researchAndDevelopment": "None", "operatingExpenses": "819000000", "investmentIncomeNet": "None", "netInterestIncome": "-27500000", "interestIncome": "-27500000", "interestExpense": "27500000", "nonInterestIncome": "2118300000", "otherNonOperatingIncome": "None", "depreciation": "None", "depreciationAndAmortization": "700000", "incomeBeforeTax": "920300000", "incomeTaxExpense": "37900000", "interestAndDebtExpense": "48200000", "netIncomeFromContinuingOperations": "153600000", "comprehensiveIncomeNetOfTax": "194300000", "ebit": "947800000", "ebitda": "948500000", "netIncome": "882400000"}, {"fiscalDateEnding": "2021-06-30", "reportedCurrency": "USD", "grossProfit": "717700000", "totalRevenue": "2542300000", "costOfRevenue": "1824600000", "costofGoodsAndServicesSold": "None", "operatingIncome": "-30300000", "sellingGeneralAndAdministrative": "747200000", "researchAndDevelopment": "None", "operatingExpenses": "748000000", "investmentIncomeNet": "None", "netInterestIncome": "-28800000", "interestIncome": "-28800000", "interestExpense": "28800000", "nonInterestIncome": "2150500000", "otherNonOperatingIncome": "None", "depreciation": "None", "depreciationAndAmortization": "800000", "incomeBeforeTax": "255300000", "incomeTaxExpense": "51900000", "interestAndDebtExpense": "28800000", "netIncomeFromContinuingOperations": "184500000", "comprehensiveIncomeNetOfTax": "302900000", "ebit": "284100000", "ebitda": "284900000", "netIncome": "203400000"}, {"fiscalDateEnding": "2021-03-31", "reportedCurrency": "USD", "grossProfit": "638800000", "totalRevenue": "2432600000", "costOfRevenue": "1793800000", "costofGoodsAndServicesSold": "None", "operatingIncome": "-97600000", "sellingGeneralAndAdministrative": "735700000", "researchAndDevelopment": "None", "operatingExpenses": "736400000", "investmentIncomeNet": "None", "netInterestIncome": "-28400000", "interestIncome": "-28400000", "interestExpense": "28400000", "nonInterestIncome": "2104700000", "otherNonOperatingIncome": "None", "depreciation": "None", "depreciationAndAmortization": "700000", "incomeBeforeTax": "207600000", "incomeTaxExpense": "44600000", "interestAndDebtExpense": "28400000", "netIncomeFromContinuingOperations": "148700000", "comprehensiveIncomeNetOfTax": "-42300000", "ebit": "236000000", "ebitda": "236700000", "netIncome": "163000000"}, {"fiscalDateEnding": "2020-12-31", "reportedCurrency": "USD", "grossProfit": "2555100000", "totalRevenue": "2555100000", "costOfRevenue": "5825300000", "costofGoodsAndServicesSold": "None", "operatingIncome": "2555100000", "sellingGeneralAndAdministrative": "778200000", "researchAndDevelopment": "None", "operatingExpenses": "871900000", "investmentIncomeNet": "None", "netInterestIncome": "-26800000", "interestIncome": "-26800000", "interestExpense": "26800000", "nonInterestIncome": "2131900000", "otherNonOperatingIncome": "None", "depreciation": "None", "depreciationAndAmortization": "71700000", "incomeBeforeTax": "183600000", "incomeTaxExpense": "44400000", "interestAndDebtExpense": "26800000", "netIncomeFromContinuingOperations": "183400000", "comprehensiveIncomeNetOfTax": "190800000", "ebit": "210400000", "ebitda": "282100000", "netIncome": "139200000"}, {"fiscalDateEnding": "2020-09-30", "reportedCurrency": "USD", "grossProfit": "257300000", "totalRevenue": "2376700000", "costOfRevenue": "2245200000", "costofGoodsAndServicesSold": "None", "operatingIncome": "-568700000", "sellingGeneralAndAdministrative": "672900000", "researchAndDevelopment": "None", "operatingExpenses": "826000000", "investmentIncomeNet": "None", "netInterestIncome": "-25500000", "interestIncome": "-25500000", "interestExpense": "25500000", "nonInterestIncome": "2102400000", "otherNonOperatingIncome": "None", "depreciation": "None", "depreciationAndAmortization": "700000", "incomeBeforeTax": "-3800000", "incomeTaxExpense": "24500000", "interestAndDebtExpense": "25500000", "netIncomeFromContinuingOperations": "88300000", "comprehensiveIncomeNetOfTax": "59100000", "ebit": "21700000", "ebitda": "22400000", "netIncome": "-30200000"}, {"fiscalDateEnding": "2020-06-30", "reportedCurrency": "USD", "grossProfit": "550400000", "totalRevenue": "2352000000", "costOfRevenue": "1921200000", "costofGoodsAndServicesSold": "None", "operatingIncome": "-186600000", "sellingGeneralAndAdministrative": "725400000", "researchAndDevelopment": "None", "operatingExpenses": "737000000", "investmentIncomeNet": "None", "netInterestIncome": "-26700000", "interestIncome": "-26300000", "interestExpense": "26700000", "nonInterestIncome": "2035500000", "otherNonOperatingIncome": "None", "depreciation": "None", "depreciationAndAmortization": "800000", "incomeBeforeTax": "226500000", "incomeTaxExpense": "44600000", "interestAndDebtExpense": "26700000", "netIncomeFromContinuingOperations": "164400000", "comprehensiveIncomeNetOfTax": "658600000", "ebit": "253200000", "ebitda": "254000000", "netIncome": "178100000"}, {"fiscalDateEnding": "2020-03-31", "reportedCurrency": "USD", "grossProfit": "442400000", "totalRevenue": "2448700000", "costOfRevenue": "2123200000", "costofGoodsAndServicesSold": "None", "operatingIncome": "-466400000", "sellingGeneralAndAdministrative": "892600000", "researchAndDevelopment": "None", "operatingExpenses": "908800000", "investmentIncomeNet": "None", "netInterestIncome": "-25500000", "interestIncome": "-12400000", "interestExpense": "25500000", "nonInterestIncome": "2083800000", "otherNonOperatingIncome": "None", "depreciation": "None", "depreciationAndAmortization": "700000", "incomeBeforeTax": "106200000", "incomeTaxExpense": "-48500000", "interestAndDebtExpense": "25500000", "netIncomeFromContinuingOperations": "147500000", "comprehensiveIncomeNetOfTax": "-168400000", "ebit": "131700000", "ebitda": "132400000", "netIncome": "154700000"}, {"fiscalDateEnding": "2019-12-31", "reportedCurrency": "USD", "grossProfit": "2606400000", "totalRevenue": "2606400000", "costOfRevenue": "5527800000", "costofGoodsAndServicesSold": "2327900000", "operatingIncome": "2606400000", "sellingGeneralAndAdministrative": "862400000", "researchAndDevelopment": "None", "operatingExpenses": "937300000", "investmentIncomeNet": "None", "netInterestIncome": "-25400000", "interestIncome": "-57900000", "interestExpense": "25400000", "nonInterestIncome": "2078000000", "otherNonOperatingIncome": "None", "depreciation": "None", "depreciationAndAmortization": "60100000", "incomeBeforeTax": "177600000", "incomeTaxExpense": "50000000", "interestAndDebtExpense": "25400000", "netIncomeFromContinuingOperations": "178800000", "comprehensiveIncomeNetOfTax": "133900000", "ebit": "203000000", "ebitda": "263100000", "netIncome": "127600000"}, {"fiscalDateEnding": "2019-09-30", "reportedCurrency": "USD", "grossProfit": "323800000", "totalRevenue": "2499300000", "costOfRevenue": "2175500000", "costofGoodsAndServicesSold": "2271800000", "operatingIncome": "-441300000", "sellingGeneralAndAdministrative": "764500000", "researchAndDevelopment": "None", "operatingExpenses": "765100000", "investmentIncomeNet": "None", "netInterestIncome": "-32200000", "interestIncome": "-153300000", "interestExpense": "32200000", "nonInterestIncome": "1983100000", "otherNonOperatingIncome": "None", "depreciation": "None", "depreciationAndAmortization": "600000", "incomeBeforeTax": "-26200000", "incomeTaxExpense": "28600000", "interestAndDebtExpense": "63600000", "netIncomeFromContinuingOperations": "-53200000", "comprehensiveIncomeNetOfTax": "21700000", "ebit": "6000000", "ebitda": "6600000", "netIncome": "-54800000"}, {"fiscalDateEnding": "2019-06-30", "reportedCurrency": "USD", "grossProfit": "337800000", "totalRevenue": "2545500000", "costOfRevenue": "2207700000", "costofGoodsAndServicesSold": "2244400000", "operatingIncome": "-495900000", "sellingGeneralAndAdministrative": "823700000", "researchAndDevelopment": "None", "operatingExpenses": "833700000", "investmentIncomeNet": "None", "netInterestIncome": "-26500000", "interestIncome": "-26500000", "interestExpense": "26500000", "nonInterestIncome": "2032600000", "otherNonOperatingIncome": "None", "depreciation": "None", "depreciationAndAmortization": "800000", "incomeBeforeTax": "184800000", "incomeTaxExpense": "40700000", "interestAndDebtExpense": "26500000", "netIncomeFromContinuingOperations": "142600000", "comprehensiveIncomeNetOfTax": "369400000", "ebit": "211300000", "ebitda": "212100000", "netIncome": "144100000"}, {"fiscalDateEnding": "2019-03-31", "reportedCurrency": "USD", "grossProfit": "405400000", "totalRevenue": "2435600000", "costOfRevenue": "2030200000", "costofGoodsAndServicesSold": "2145400000", "operatingIncome": "-395400000", "sellingGeneralAndAdministrative": "799900000", "researchAndDevelopment": "None", "operatingExpenses": "800800000", "investmentIncomeNet": "None", "netInterestIncome": "-26500000", "interestIncome": "-26500000", "interestExpense": "26500000", "nonInterestIncome": "1905400000", "otherNonOperatingIncome": "None", "depreciation": "None", "depreciationAndAmortization": "700000", "incomeBeforeTax": "214100000", "incomeTaxExpense": "48400000", "interestAndDebtExpense": "26500000", "netIncomeFromContinuingOperations": "168600000", "comprehensiveIncomeNetOfTax": "424500000", "ebit": "240600000", "ebitda": "241300000", "netIncome": "165700000"}, {"fiscalDateEnding": "2018-12-31", "reportedCurrency": "USD", "grossProfit": "2317000000", "totalRevenue": "2317000000", "costOfRevenue": "4460300000", "costofGoodsAndServicesSold": "2173100000", "operatingIncome": "2317000000", "sellingGeneralAndAdministrative": "750700000", "researchAndDevelopment": "None", "operatingExpenses": "813700000", "investmentIncomeNet": "None", "netInterestIncome": "-26300000", "interestIncome": "None", "interestExpense": "26300000", "nonInterestIncome": "1826000000", "otherNonOperatingIncome": "None", "depreciation": "None", "depreciationAndAmortization": "18200000", "incomeBeforeTax": "36600000", "incomeTaxExpense": "16300000", "interestAndDebtExpense": "26300000", "netIncomeFromContinuingOperations": "42900000", "comprehensiveIncomeNetOfTax": "-32700000", "ebit": "62900000", "ebitda": "81100000", "netIncome": "20300000"}, {"fiscalDateEnding": "2018-09-30", "reportedCurrency": "USD", "grossProfit": "45800000", "totalRevenue": "2270300000", "costOfRevenue": "2224500000", "costofGoodsAndServicesSold": "2097300000", "operatingIncome": "-709700000", "sellingGeneralAndAdministrative": "736500000", "researchAndDevelopment": "None", "operatingExpenses": "755500000", "investmentIncomeNet": "None", "netInterestIncome": "-26500000", "interestIncome": "None", "interestExpense": "26500000", "nonInterestIncome": "1853400000", "otherNonOperatingIncome": "None", "depreciation": "None", "depreciationAndAmortization": "19000000", "incomeBeforeTax": "75800000", "incomeTaxExpense": "22800000", "interestAndDebtExpense": "26500000", "netIncomeFromContinuingOperations": "53000000", "comprehensiveIncomeNetOfTax": "11200000", "ebit": "102300000", "ebitda": "121300000", "netIncome": "53000000"}, {"fiscalDateEnding": "2018-06-30", "reportedCurrency": "USD", "grossProfit": "20900000", "totalRevenue": "1831700000", "costOfRevenue": "1810800000", "costofGoodsAndServicesSold": "1690600000", "operatingIncome": "-772400000", "sellingGeneralAndAdministrative": "773600000", "researchAndDevelopment": "None", "operatingExpenses": "793300000", "investmentIncomeNet": "None", "netInterestIncome": "-26000000", "interestIncome": "None", "interestExpense": "26000000", "nonInterestIncome": "1338300000", "otherNonOperatingIncome": "None", "depreciation": "None", "depreciationAndAmortization": "19700000", "incomeBeforeTax": "78300000", "incomeTaxExpense": "11300000", "interestAndDebtExpense": "26000000", "netIncomeFromContinuingOperations": "67000000", "comprehensiveIncomeNetOfTax": "-122600000", "ebit": "104300000", "ebitda": "124000000", "netIncome": "67000000"}, {"fiscalDateEnding": "2018-03-31", "reportedCurrency": "USD", "grossProfit": "89800000", "totalRevenue": "1638600000", "costOfRevenue": "1548800000", "costofGoodsAndServicesSold": "1427900000", "operatingIncome": "-629800000", "sellingGeneralAndAdministrative": "719600000", "researchAndDevelopment": "None", "operatingExpenses": "719600000", "investmentIncomeNet": "None", "netInterestIncome": "-21500000", "interestIncome": "None", "interestExpense": "21500000", "nonInterestIncome": "1127100000", "otherNonOperatingIncome": "None", "depreciation": "None", "depreciationAndAmortization": "19400000", "incomeBeforeTax": "136500000", "incomeTaxExpense": "30500000", "interestAndDebtExpense": "21500000", "netIncomeFromContinuingOperations": "106000000", "comprehensiveIncomeNetOfTax": "-42400000", "ebit": "158000000", "ebitda": "177400000", "netIncome": "106000000"}, {"fiscalDateEnding": "2017-12-31", "reportedCurrency": "USD", "grossProfit": "1676600000", "totalRevenue": "1676600000", "costOfRevenue": "2991600000", "costofGoodsAndServicesSold": "1497200000", "operatingIncome": "1676600000", "sellingGeneralAndAdministrative": "745700000", "researchAndDevelopment": "None", "operatingExpenses": "817900000", "investmentIncomeNet": "None", "netInterestIncome": "-12300000", "interestIncome": "None", "interestExpense": "12300000", "nonInterestIncome": "1171100000", "otherNonOperatingIncome": "None", "depreciation": "None", "depreciationAndAmortization": "19400000", "incomeBeforeTax": "158300000", "incomeTaxExpense": "-154600000", "interestAndDebtExpense": "12300000", "netIncomeFromContinuingOperations": "158300000", "comprehensiveIncomeNetOfTax": "290500000", "ebit": "170600000", "ebitda": "190000000", "netIncome": "312900000"}, {"fiscalDateEnding": "2017-09-30", "reportedCurrency": "USD", "grossProfit": "-445100000", "totalRevenue": "1586400000", "costOfRevenue": "2031500000", "costofGoodsAndServicesSold": "1678100000", "operatingIncome": "-1112200000", "sellingGeneralAndAdministrative": "667100000", "researchAndDevelopment": "None", "operatingExpenses": "667100000", "investmentIncomeNet": "None", "netInterestIncome": "-12200000", "interestIncome": "None", "interestExpense": "12200000", "nonInterestIncome": "1073100000", "otherNonOperatingIncome": "None", "depreciation": "None", "depreciationAndAmortization": "16900000", "incomeBeforeTax": "-107600000", "incomeTaxExpense": "-50300000", "interestAndDebtExpense": "12200000", "netIncomeFromContinuingOperations": "-57300000", "comprehensiveIncomeNetOfTax": "-37800000", "ebit": "-95400000", "ebitda": "-78500000", "netIncome": "-57300000"}, {"fiscalDateEnding": "2017-06-30", "reportedCurrency": "USD", "grossProfit": "121400000", "totalRevenue": "1600500000", "costOfRevenue": "1479100000", "costofGoodsAndServicesSold": "1409400000", "operatingIncome": "-524900000", "sellingGeneralAndAdministrative": "646300000", "researchAndDevelopment": "None", "operatingExpenses": "646300000", "investmentIncomeNet": "None", "netInterestIncome": "-12400000", "interestIncome": "None", "interestExpense": "12400000", "nonInterestIncome": "1115300000", "otherNonOperatingIncome": "None", "depreciation": "None", "depreciationAndAmortization": "18400000", "incomeBeforeTax": "178700000", "incomeTaxExpense": "58500000", "interestAndDebtExpense": "12400000", "netIncomeFromContinuingOperations": "120200000", "comprehensiveIncomeNetOfTax": "208800000", "ebit": "191100000", "ebitda": "209500000", "netIncome": "120200000"}, {"fiscalDateEnding": "2017-03-31", "reportedCurrency": "USD", "grossProfit": "184200000", "totalRevenue": "1551500000", "costOfRevenue": "1367300000", "costofGoodsAndServicesSold": "1323800000", "operatingIncome": "-467100000", "sellingGeneralAndAdministrative": "651300000", "researchAndDevelopment": "None", "operatingExpenses": "651300000", "investmentIncomeNet": "None", "netInterestIncome": "-12600000", "interestIncome": "None", "interestExpense": "12600000", "nonInterestIncome": "1050300000", "otherNonOperatingIncome": "None", "depreciation": "None", "depreciationAndAmortization": "17900000", "incomeBeforeTax": "215100000", "incomeTaxExpense": "71300000", "interestAndDebtExpense": "12600000", "netIncomeFromContinuingOperations": "143800000", "comprehensiveIncomeNetOfTax": "197500000", "ebit": "227700000", "ebitda": "245600000", "netIncome": "143800000"}, {"fiscalDateEnding": "2016-12-31", "reportedCurrency": "USD", "grossProfit": "1752292000", "totalRevenue": "1752400000", "costOfRevenue": "3189091000", "costofGoodsAndServicesSold": "1658058000", "operatingIncome": "1752292000", "sellingGeneralAndAdministrative": "888200000", "researchAndDevelopment": "None", "operatingExpenses": "980386000", "investmentIncomeNet": "None", "netInterestIncome": "-13878000", "interestIncome": "22000", "interestExpense": "13900000", "nonInterestIncome": "1151738000", "otherNonOperatingIncome": "None", "depreciation": "None", "depreciationAndAmortization": "None", "incomeBeforeTax": "54600000", "incomeTaxExpense": "23300000", "interestAndDebtExpense": "36909000", "netIncomeFromContinuingOperations": "54711000", "comprehensiveIncomeNetOfTax": "-202200000", "ebit": "68500000", "ebitda": "None", "netIncome": "31300000"}]}