{"symbol": "ALGN", "annualReports": [{"fiscalDateEnding": "2020-12-31", "reportedCurrency": "USD", "grossProfit": "1763235000", "totalRevenue": "2471941000", "costOfRevenue": "708706000", "costofGoodsAndServicesSold": "708706000", "operatingIncome": "387171000", "sellingGeneralAndAdministrative": "1200757000", "researchAndDevelopment": "175307000", "operatingExpenses": "1376064000", "investmentIncomeNet": "None", "netInterestIncome": "3125000", "interestIncome": "3125000", "interestExpense": "None", "nonInterestIncome": "2478741000", "otherNonOperatingIncome": "-8222000", "depreciation": "None", "depreciationAndAmortization": "80100000", "incomeBeforeTax": "378949000", "incomeTaxExpense": "-1396939000", "interestAndDebtExpense": "None", "netIncomeFromContinuingOperations": "1775888000", "comprehensiveIncomeNetOfTax": "1820077000", "ebit": "387171000", "ebitda": "467271000", "netIncome": "1775888000"}, {"fiscalDateEnding": "2019-12-31", "reportedCurrency": "USD", "grossProfit": "1743897000", "totalRevenue": "2406796000", "costOfRevenue": "662899000", "costofGoodsAndServicesSold": "662899000", "operatingIncome": "542493000", "sellingGeneralAndAdministrative": "1072053000", "researchAndDevelopment": "157361000", "operatingExpenses": "1201404000", "investmentIncomeNet": "None", "netInterestIncome": "12482000", "interestIncome": "12482000", "interestExpense": "None", "nonInterestIncome": "2420565000", "otherNonOperatingIncome": "7676000", "depreciation": "None", "depreciationAndAmortization": "73100000", "incomeBeforeTax": "555123000", "incomeTaxExpense": "112347000", "interestAndDebtExpense": "None", "netIncomeFromContinuingOperations": "442776000", "comprehensiveIncomeNetOfTax": "444862000", "ebit": "542493000", "ebitda": "615593000", "netIncome": "442776000"}, {"fiscalDateEnding": "2018-12-31", "reportedCurrency": "USD", "grossProfit": "1447867000", "totalRevenue": "1966492000", "costOfRevenue": "518625000", "costofGoodsAndServicesSold": "518625000", "operatingIncome": "466564000", "sellingGeneralAndAdministrative": "852404000", "researchAndDevelopment": "128899000", "operatingExpenses": "981303000", "investmentIncomeNet": "None", "netInterestIncome": "8576000", "interestIncome": "8576000", "interestExpense": "None", "nonInterestIncome": "1960892000", "otherNonOperatingIncome": "-8489000", "depreciation": "None", "depreciationAndAmortization": "48700000", "incomeBeforeTax": "457958000", "incomeTaxExpense": "57723000", "interestAndDebtExpense": "None", "netIncomeFromContinuingOperations": "400235000", "comprehensiveIncomeNetOfTax": "396890000", "ebit": "466564000", "ebitda": "515264000", "netIncome": "400235000"}, {"fiscalDateEnding": "2017-12-31", "reportedCurrency": "USD", "grossProfit": "1116947000", "totalRevenue": "1473413000", "costOfRevenue": "356466000", "costofGoodsAndServicesSold": "356466000", "operatingIncome": "353611000", "sellingGeneralAndAdministrative": "738431000", "researchAndDevelopment": "97559000", "operatingExpenses": "763336000", "investmentIncomeNet": "None", "netInterestIncome": "6948000", "interestIncome": "11188000", "interestExpense": "None", "nonInterestIncome": "9000000", "otherNonOperatingIncome": "4240000", "depreciation": "None", "depreciationAndAmortization": "37700000", "incomeBeforeTax": "361580000", "incomeTaxExpense": "130162000", "interestAndDebtExpense": "None", "netIncomeFromContinuingOperations": "231418000", "comprehensiveIncomeNetOfTax": "232927000", "ebit": "353611000", "ebitda": "391311000", "netIncome": "231418000"}, {"fiscalDateEnding": "2016-12-31", "reportedCurrency": "USD", "grossProfit": "815294000", "totalRevenue": "1079874000", "costOfRevenue": "264580000", "costofGoodsAndServicesSold": "264580000", "operatingIncome": "248921000", "sellingGeneralAndAdministrative": "554701000", "researchAndDevelopment": "75720000", "operatingExpenses": "566373000", "investmentIncomeNet": "None", "netInterestIncome": "4213000", "interestIncome": "-6355000", "interestExpense": "None", "nonInterestIncome": "-8000000", "otherNonOperatingIncome": "-10568000", "depreciation": "None", "depreciationAndAmortization": "24000000", "incomeBeforeTax": "240882000", "incomeTaxExpense": "51200000", "interestAndDebtExpense": "None", "netIncomeFromContinuingOperations": "189682000", "comprehensiveIncomeNetOfTax": "189724000", "ebit": "248921000", "ebitda": "272921000", "netIncome": "189682000"}], "quarterlyReports": [{"fiscalDateEnding": "2021-09-30", "reportedCurrency": "USD", "grossProfit": "755156000", "totalRevenue": "1015906000", "costOfRevenue": "260750000", "costofGoodsAndServicesSold": "260750000", "operatingIncome": "261160000", "sellingGeneralAndAdministrative": "428409000", "researchAndDevelopment": "65587000", "operatingExpenses": "493996000", "investmentIncomeNet": "None", "netInterestIncome": "401000", "interestIncome": "401000", "interestExpense": "828000", "nonInterestIncome": "1030606000", "otherNonOperatingIncome": "828000", "depreciation": "None", "depreciationAndAmortization": "4400000", "incomeBeforeTax": "261988000", "incomeTaxExpense": "81019000", "interestAndDebtExpense": "None", "netIncomeFromContinuingOperations": "180969000", "comprehensiveIncomeNetOfTax": "168952000", "ebit": "261160000", "ebitda": "265560000", "netIncome": "180969000"}, {"fiscalDateEnding": "2021-06-30", "reportedCurrency": "USD", "grossProfit": "758538000", "totalRevenue": "1010808000", "costOfRevenue": "252270000", "costofGoodsAndServicesSold": "252270000", "operatingIncome": "268902000", "sellingGeneralAndAdministrative": "431921000", "researchAndDevelopment": "57715000", "operatingExpenses": "489636000", "investmentIncomeNet": "None", "netInterestIncome": "383000", "interestIncome": "383000", "interestExpense": "100000", "nonInterestIncome": "997808000", "otherNonOperatingIncome": "-100000", "depreciation": "None", "depreciationAndAmortization": "3900000", "incomeBeforeTax": "268802000", "incomeTaxExpense": "69088000", "interestAndDebtExpense": "None", "netIncomeFromContinuingOperations": "199714000", "comprehensiveIncomeNetOfTax": "200300000", "ebit": "268902000", "ebitda": "272802000", "netIncome": "199714000"}, {"fiscalDateEnding": "2021-03-31", "reportedCurrency": "USD", "grossProfit": "677098000", "totalRevenue": "894771000", "costOfRevenue": "217673000", "costofGoodsAndServicesSold": "217673000", "operatingIncome": "225446000", "sellingGeneralAndAdministrative": "397115000", "researchAndDevelopment": "54537000", "operatingExpenses": "451652000", "investmentIncomeNet": "None", "netInterestIncome": "1643000", "interestIncome": "1643000", "interestExpense": "None", "nonInterestIncome": "907200000", "otherNonOperatingIncome": "36175000", "depreciation": "None", "depreciationAndAmortization": "3900000", "incomeBeforeTax": "261621000", "incomeTaxExpense": "61245000", "interestAndDebtExpense": "None", "netIncomeFromContinuingOperations": "200376000", "comprehensiveIncomeNetOfTax": "185905000", "ebit": "225446000", "ebitda": "229346000", "netIncome": "200376000"}, {"fiscalDateEnding": "2020-12-31", "reportedCurrency": "USD", "grossProfit": "610463000", "totalRevenue": "834520000", "costOfRevenue": "224057000", "costofGoodsAndServicesSold": "224057000", "operatingIncome": "213184000", "sellingGeneralAndAdministrative": "348392000", "researchAndDevelopment": "48887000", "operatingExpenses": "397279000", "investmentIncomeNet": "None", "netInterestIncome": "337000", "interestIncome": "337000", "interestExpense": "None", "nonInterestIncome": "840720000", "otherNonOperatingIncome": "1358000", "depreciation": "None", "depreciationAndAmortization": "70600000", "incomeBeforeTax": "214542000", "incomeTaxExpense": "55554000", "interestAndDebtExpense": "None", "netIncomeFromContinuingOperations": "158988000", "comprehensiveIncomeNetOfTax": "177578000", "ebit": "213184000", "ebitda": "283784000", "netIncome": "158988000"}, {"fiscalDateEnding": "2020-09-30", "reportedCurrency": "USD", "grossProfit": "534088000", "totalRevenue": "734144000", "costOfRevenue": "200056000", "costofGoodsAndServicesSold": "200056000", "operatingIncome": "177069000", "sellingGeneralAndAdministrative": "312492000", "researchAndDevelopment": "44527000", "operatingExpenses": "357019000", "investmentIncomeNet": "None", "netInterestIncome": "329000", "interestIncome": "329000", "interestExpense": "None", "nonInterestIncome": "722000000", "otherNonOperatingIncome": "7476000", "depreciation": "None", "depreciationAndAmortization": "4100000", "incomeBeforeTax": "184545000", "incomeTaxExpense": "45200000", "interestAndDebtExpense": "None", "netIncomeFromContinuingOperations": "139371000", "comprehensiveIncomeNetOfTax": "155181000", "ebit": "177069000", "ebitda": "181169000", "netIncome": "139371000"}, {"fiscalDateEnding": "2020-06-30", "reportedCurrency": "USD", "grossProfit": "224328000", "totalRevenue": "352314000", "costOfRevenue": "127986000", "costofGoodsAndServicesSold": "127986000", "operatingIncome": "-73000000", "sellingGeneralAndAdministrative": "256967000", "researchAndDevelopment": "40361000", "operatingExpenses": "297328000", "investmentIncomeNet": "None", "netInterestIncome": "473000", "interestIncome": "473000", "interestExpense": "None", "nonInterestIncome": "355300000", "otherNonOperatingIncome": "-493000", "depreciation": "None", "depreciationAndAmortization": "4100000", "incomeBeforeTax": "-73493000", "incomeTaxExpense": "-32900000", "interestAndDebtExpense": "None", "netIncomeFromContinuingOperations": "-40602000", "comprehensiveIncomeNetOfTax": "-31308000", "ebit": "-73000000", "ebitda": "-68900000", "netIncome": "-40602000"}, {"fiscalDateEnding": "2020-03-31", "reportedCurrency": "USD", "grossProfit": "394356000", "totalRevenue": "550963000", "costOfRevenue": "156607000", "costofGoodsAndServicesSold": "156607000", "operatingIncome": "69918000", "sellingGeneralAndAdministrative": "282906000", "researchAndDevelopment": "41532000", "operatingExpenses": "324438000", "investmentIncomeNet": "None", "netInterestIncome": "1986000", "interestIncome": "1986000", "interestExpense": "None", "nonInterestIncome": "566600000", "otherNonOperatingIncome": "-16563000", "depreciation": "None", "depreciationAndAmortization": "1300000", "incomeBeforeTax": "53355000", "incomeTaxExpense": "-1464776000", "interestAndDebtExpense": "None", "netIncomeFromContinuingOperations": "1518131000", "comprehensiveIncomeNetOfTax": "1518626000", "ebit": "69918000", "ebitda": "71218000", "netIncome": "1518131000"}, {"fiscalDateEnding": "2019-12-31", "reportedCurrency": "USD", "grossProfit": "471958000", "totalRevenue": "649787000", "costOfRevenue": "177829000", "costofGoodsAndServicesSold": "177829000", "operatingIncome": "151150000", "sellingGeneralAndAdministrative": "279481000", "researchAndDevelopment": "41327000", "operatingExpenses": "320808000", "investmentIncomeNet": "None", "netInterestIncome": "2906000", "interestIncome": "2906000", "interestExpense": "None", "nonInterestIncome": "647787000", "otherNonOperatingIncome": "4647000", "depreciation": "None", "depreciationAndAmortization": "68600000", "incomeBeforeTax": "155797000", "incomeTaxExpense": "34535000", "interestAndDebtExpense": "None", "netIncomeFromContinuingOperations": "121262000", "comprehensiveIncomeNetOfTax": "122501000", "ebit": "151150000", "ebitda": "219750000", "netIncome": "121262000"}, {"fiscalDateEnding": "2019-09-30", "reportedCurrency": "USD", "grossProfit": "437554000", "totalRevenue": "607341000", "costOfRevenue": "169787000", "costofGoodsAndServicesSold": "169787000", "operatingIncome": "127152000", "sellingGeneralAndAdministrative": "277514000", "researchAndDevelopment": "39680000", "operatingExpenses": "310402000", "investmentIncomeNet": "None", "netInterestIncome": "3478000", "interestIncome": "3478000", "interestExpense": "None", "nonInterestIncome": "607300000", "otherNonOperatingIncome": "1267000", "depreciation": "None", "depreciationAndAmortization": "1500000", "incomeBeforeTax": "128419000", "incomeTaxExpense": "25895000", "interestAndDebtExpense": "None", "netIncomeFromContinuingOperations": "102519000", "comprehensiveIncomeNetOfTax": "102473000", "ebit": "127152000", "ebitda": "128652000", "netIncome": "102524000"}, {"fiscalDateEnding": "2019-06-30", "reportedCurrency": "USD", "grossProfit": "432289000", "totalRevenue": "600697000", "costOfRevenue": "168408000", "costofGoodsAndServicesSold": "168408000", "operatingIncome": "176490000", "sellingGeneralAndAdministrative": "267948000", "researchAndDevelopment": "38851000", "operatingExpenses": "255799000", "investmentIncomeNet": "None", "netInterestIncome": "3465000", "interestIncome": "3465000", "interestExpense": "None", "nonInterestIncome": "584897000", "otherNonOperatingIncome": "13773000", "depreciation": "None", "depreciationAndAmortization": "1500000", "incomeBeforeTax": "190263000", "incomeTaxExpense": "43121000", "interestAndDebtExpense": "None", "netIncomeFromContinuingOperations": "147142000", "comprehensiveIncomeNetOfTax": "147547000", "ebit": "176490000", "ebitda": "177990000", "netIncome": "147142000"}, {"fiscalDateEnding": "2019-03-31", "reportedCurrency": "USD", "grossProfit": "402096000", "totalRevenue": "548971000", "costOfRevenue": "146875000", "costofGoodsAndServicesSold": "146875000", "operatingIncome": "87701000", "sellingGeneralAndAdministrative": "247110000", "researchAndDevelopment": "37503000", "operatingExpenses": "314395000", "investmentIncomeNet": "None", "netInterestIncome": "2633000", "interestIncome": "2633000", "interestExpense": "None", "nonInterestIncome": "548971000", "otherNonOperatingIncome": "-7057000", "depreciation": "None", "depreciationAndAmortization": "1500000", "incomeBeforeTax": "80644000", "incomeTaxExpense": "8796000", "interestAndDebtExpense": "None", "netIncomeFromContinuingOperations": "71848000", "comprehensiveIncomeNetOfTax": "72341000", "ebit": "87701000", "ebitda": "89201000", "netIncome": "71848000"}, {"fiscalDateEnding": "2018-12-31", "reportedCurrency": "USD", "grossProfit": "383096000", "totalRevenue": "534020000", "costOfRevenue": "150924000", "costofGoodsAndServicesSold": "150924000", "operatingIncome": "120473000", "sellingGeneralAndAdministrative": "226819000", "researchAndDevelopment": "35804000", "operatingExpenses": "262623000", "investmentIncomeNet": "None", "netInterestIncome": "2249000", "interestIncome": "None", "interestExpense": "None", "nonInterestIncome": "528420000", "otherNonOperatingIncome": "-564000", "depreciation": "None", "depreciationAndAmortization": "44200000", "incomeBeforeTax": "119909000", "incomeTaxExpense": "22517000", "interestAndDebtExpense": "None", "netIncomeFromContinuingOperations": "97392000", "comprehensiveIncomeNetOfTax": "95346000", "ebit": "120473000", "ebitda": "164673000", "netIncome": "97392000"}, {"fiscalDateEnding": "2018-09-30", "reportedCurrency": "USD", "grossProfit": "371781000", "totalRevenue": "505289000", "costOfRevenue": "133508000", "costofGoodsAndServicesSold": "133508000", "operatingIncome": "125208000", "sellingGeneralAndAdministrative": "213873000", "researchAndDevelopment": "32700000", "operatingExpenses": "246573000", "investmentIncomeNet": "None", "netInterestIncome": "2234000", "interestIncome": "None", "interestExpense": "None", "nonInterestIncome": "505300000", "otherNonOperatingIncome": "265000", "depreciation": "None", "depreciationAndAmortization": "1500000", "incomeBeforeTax": "125473000", "incomeTaxExpense": "24601000", "interestAndDebtExpense": "None", "netIncomeFromContinuingOperations": "100872000", "comprehensiveIncomeNetOfTax": "99233000", "ebit": "125208000", "ebitda": "126708000", "netIncome": "100872000"}, {"fiscalDateEnding": "2018-06-30", "reportedCurrency": "USD", "grossProfit": "365582000", "totalRevenue": "490259000", "costOfRevenue": "124677000", "costofGoodsAndServicesSold": "124677000", "operatingIncome": "122691000", "sellingGeneralAndAdministrative": "212087000", "researchAndDevelopment": "30804000", "operatingExpenses": "242891000", "investmentIncomeNet": "None", "netInterestIncome": "1917000", "interestIncome": "None", "interestExpense": "None", "nonInterestIncome": "490259000", "otherNonOperatingIncome": "-8883000", "depreciation": "None", "depreciationAndAmortization": "1500000", "incomeBeforeTax": "113805000", "incomeTaxExpense": "7700000", "interestAndDebtExpense": "None", "netIncomeFromContinuingOperations": "106105000", "comprehensiveIncomeNetOfTax": "105532000", "ebit": "122691000", "ebitda": "124191000", "netIncome": "106105000"}, {"fiscalDateEnding": "2018-03-31", "reportedCurrency": "USD", "grossProfit": "327408000", "totalRevenue": "436924000", "costOfRevenue": "109516000", "costofGoodsAndServicesSold": "109516000", "operatingIncome": "98192000", "sellingGeneralAndAdministrative": "199625000", "researchAndDevelopment": "29591000", "operatingExpenses": "229216000", "investmentIncomeNet": "None", "netInterestIncome": "2176000", "interestIncome": "None", "interestExpense": "None", "nonInterestIncome": "436924000", "otherNonOperatingIncome": "576000", "depreciation": "None", "depreciationAndAmortization": "1400000", "incomeBeforeTax": "98766000", "incomeTaxExpense": "2900000", "interestAndDebtExpense": "None", "netIncomeFromContinuingOperations": "95866000", "comprehensiveIncomeNetOfTax": "96779000", "ebit": "98192000", "ebitda": "99592000", "netIncome": "95866000"}, {"fiscalDateEnding": "2017-12-31", "reportedCurrency": "USD", "grossProfit": "317917000", "totalRevenue": "421323000", "costOfRevenue": "103406000", "costofGoodsAndServicesSold": "103406000", "operatingIncome": "109606000", "sellingGeneralAndAdministrative": "254795000", "researchAndDevelopment": "26170000", "operatingExpenses": "208311000", "investmentIncomeNet": "None", "netInterestIncome": "2486000", "interestIncome": "None", "interestExpense": "None", "nonInterestIncome": "None", "otherNonOperatingIncome": "4312000", "depreciation": "None", "depreciationAndAmortization": "33000000", "incomeBeforeTax": "113918000", "incomeTaxExpense": "103654000", "interestAndDebtExpense": "None", "netIncomeFromContinuingOperations": "10264000", "comprehensiveIncomeNetOfTax": "10047000", "ebit": "109606000", "ebitda": "142606000", "netIncome": "10264000"}, {"fiscalDateEnding": "2017-09-30", "reportedCurrency": "USD", "grossProfit": "292488000", "totalRevenue": "385267000", "costOfRevenue": "92779000", "costofGoodsAndServicesSold": "92779000", "operatingIncome": "98763000", "sellingGeneralAndAdministrative": "169524000", "researchAndDevelopment": "24201000", "operatingExpenses": "193725000", "investmentIncomeNet": "None", "netInterestIncome": "1826000", "interestIncome": "None", "interestExpense": "None", "nonInterestIncome": "None", "otherNonOperatingIncome": "2136000", "depreciation": "None", "depreciationAndAmortization": "1500000", "incomeBeforeTax": "100899000", "incomeTaxExpense": "18344000", "interestAndDebtExpense": "None", "netIncomeFromContinuingOperations": "82555000", "comprehensiveIncomeNetOfTax": "83499000", "ebit": "98763000", "ebitda": "100263000", "netIncome": "82555000"}, {"fiscalDateEnding": "2017-06-30", "reportedCurrency": "USD", "grossProfit": "270917000", "totalRevenue": "356482000", "costOfRevenue": "85565000", "costofGoodsAndServicesSold": "85565000", "operatingIncome": "83569000", "sellingGeneralAndAdministrative": "162964000", "researchAndDevelopment": "24384000", "operatingExpenses": "187348000", "investmentIncomeNet": "None", "netInterestIncome": "1441000", "interestIncome": "None", "interestExpense": "None", "nonInterestIncome": "None", "otherNonOperatingIncome": "997000", "depreciation": "None", "depreciationAndAmortization": "1800000", "incomeBeforeTax": "84566000", "incomeTaxExpense": "15387000", "interestAndDebtExpense": "None", "netIncomeFromContinuingOperations": "69179000", "comprehensiveIncomeNetOfTax": "70405000", "ebit": "83569000", "ebitda": "85369000", "netIncome": "69179000"}, {"fiscalDateEnding": "2017-03-31", "reportedCurrency": "USD", "grossProfit": "235625000", "totalRevenue": "310341000", "costOfRevenue": "74716000", "costofGoodsAndServicesSold": "74716000", "operatingIncome": "61673000", "sellingGeneralAndAdministrative": "151148000", "researchAndDevelopment": "22804000", "operatingExpenses": "173952000", "investmentIncomeNet": "None", "netInterestIncome": "1195000", "interestIncome": "None", "interestExpense": "None", "nonInterestIncome": "None", "otherNonOperatingIncome": "524000", "depreciation": "None", "depreciationAndAmortization": "1400000", "incomeBeforeTax": "62197000", "incomeTaxExpense": "-7223000", "interestAndDebtExpense": "None", "netIncomeFromContinuingOperations": "69420000", "comprehensiveIncomeNetOfTax": "68976000", "ebit": "61673000", "ebitda": "63073000", "netIncome": "69420000"}, {"fiscalDateEnding": "2016-12-31", "reportedCurrency": "USD", "grossProfit": "220249000", "totalRevenue": "293203000", "costOfRevenue": "72954000", "costofGoodsAndServicesSold": "72954000", "operatingIncome": "68372000", "sellingGeneralAndAdministrative": "194316000", "researchAndDevelopment": "21609000", "operatingExpenses": "151877000", "investmentIncomeNet": "None", "netInterestIncome": "None", "interestIncome": "None", "interestExpense": "None", "nonInterestIncome": "None", "otherNonOperatingIncome": "-8723000", "depreciation": "None", "depreciationAndAmortization": "21800000", "incomeBeforeTax": "59649000", "incomeTaxExpense": "12028000", "interestAndDebtExpense": "None", "netIncomeFromContinuingOperations": "47621000", "comprehensiveIncomeNetOfTax": "46768000", "ebit": "68372000", "ebitda": "90172000", "netIncome": "47621000"}]}