{"symbol": "ARE", "annualReports": [{"fiscalDateEnding": "2020-12-31", "reportedCurrency": "USD", "grossProfit": "2159669000", "totalRevenue": "3569438000", "costOfRevenue": "1409769000", "costofGoodsAndServicesSold": "530224000", "operatingIncome": "1280124000", "sellingGeneralAndAdministrative": "133341000", "researchAndDevelopment": "None", "operatingExpenses": "879545000", "investmentIncomeNet": "None", "netInterestIncome": "-171609000", "interestIncome": "257860000", "interestExpense": "171609000", "nonInterestIncome": "1886620000", "otherNonOperatingIncome": "-52520000", "depreciation": "None", "depreciationAndAmortization": "698104000", "incomeBeforeTax": "827171000", "incomeTaxExpense": "None", "interestAndDebtExpense": "232277000", "netIncomeFromContinuingOperations": "1709593000", "comprehensiveIncomeNetOfTax": "774083000", "ebit": "1280124000", "ebitda": "1978228000", "netIncome": "770959000"}, {"fiscalDateEnding": "2019-12-31", "reportedCurrency": "USD", "grossProfit": "2138766000", "totalRevenue": "2806701000", "costOfRevenue": "667935000", "costofGoodsAndServicesSold": "445492000", "operatingIncome": "1473031000", "sellingGeneralAndAdministrative": "108823000", "researchAndDevelopment": "None", "operatingExpenses": "665735000", "investmentIncomeNet": "None", "netInterestIncome": "-173675000", "interestIncome": "31108000", "interestExpense": "173675000", "nonInterestIncome": "1516884000", "otherNonOperatingIncome": "47570000", "depreciation": "None", "depreciationAndAmortization": "544612000", "incomeBeforeTax": "404047000", "incomeTaxExpense": "None", "interestAndDebtExpense": "221245000", "netIncomeFromContinuingOperations": "1677814000", "comprehensiveIncomeNetOfTax": "363851000", "ebit": "1473031000", "ebitda": "2017643000", "netIncome": "363165000"}, {"fiscalDateEnding": "2018-12-31", "reportedCurrency": "USD", "grossProfit": "631594000", "totalRevenue": "1205971000", "costOfRevenue": "574377000", "costofGoodsAndServicesSold": "381120000", "operatingIncome": "57217000", "sellingGeneralAndAdministrative": "90405000", "researchAndDevelopment": "None", "operatingExpenses": "574377000", "investmentIncomeNet": "None", "netInterestIncome": "-157495000", "interestIncome": "23249000", "interestExpense": "157495000", "nonInterestIncome": "1363466000", "otherNonOperatingIncome": "1122000", "depreciation": "None", "depreciationAndAmortization": "477661000", "incomeBeforeTax": "402793000", "incomeTaxExpense": "None", "interestAndDebtExpense": "158617000", "netIncomeFromContinuingOperations": "237961000", "comprehensiveIncomeNetOfTax": "368624000", "ebit": "57217000", "ebitda": "534878000", "netIncome": "379312000"}, {"fiscalDateEnding": "2017-12-31", "reportedCurrency": "USD", "grossProfit": "1910531000", "totalRevenue": "2728135000", "costOfRevenue": "817604000", "costofGoodsAndServicesSold": "325609000", "operatingIncome": "1418536000", "sellingGeneralAndAdministrative": "75009000", "researchAndDevelopment": "None", "operatingExpenses": "491995000", "investmentIncomeNet": "1329000", "netInterestIncome": "-128645000", "interestIncome": "2257000", "interestExpense": "128645000", "nonInterestIncome": "859730000", "otherNonOperatingIncome": "3562000", "depreciation": "None", "depreciationAndAmortization": "416783000", "incomeBeforeTax": "194204000", "incomeTaxExpense": "None", "interestAndDebtExpense": "132096000", "netIncomeFromContinuingOperations": "169093000", "comprehensiveIncomeNetOfTax": "213762000", "ebit": "1418536000", "ebitda": "1835319000", "netIncome": "169093000"}, {"fiscalDateEnding": "2016-12-31", "reportedCurrency": "USD", "grossProfit": "1325131000", "totalRevenue": "2190074000", "costOfRevenue": "864943000", "costofGoodsAndServicesSold": "278408000", "operatingIncome": "738596000", "sellingGeneralAndAdministrative": "63884000", "researchAndDevelopment": "None", "operatingExpenses": "586535000", "investmentIncomeNet": "17133000", "netInterestIncome": "-100273000", "interestIncome": "6680000", "interestExpense": "106953000", "nonInterestIncome": "670590000", "otherNonOperatingIncome": "3320000", "depreciation": "None", "depreciationAndAmortization": "313390000", "incomeBeforeTax": "-49799000", "incomeTaxExpense": "None", "interestAndDebtExpense": "110183000", "netIncomeFromContinuingOperations": "-65901000", "comprehensiveIncomeNetOfTax": "-109737000", "ebit": "738596000", "ebitda": "1051986000", "netIncome": "-65901000"}], "quarterlyReports": [{"fiscalDateEnding": "2021-09-30", "reportedCurrency": "USD", "grossProfit": "674654000", "totalRevenue": "1132042000", "costOfRevenue": "457388000", "costofGoodsAndServicesSold": "165995000", "operatingIncome": "383261000", "sellingGeneralAndAdministrative": "37931000", "researchAndDevelopment": "None", "operatingExpenses": "291393000", "investmentIncomeNet": "None", "netInterestIncome": "-35678000", "interestIncome": "34497000", "interestExpense": "35678000", "nonInterestIncome": "629275000", "otherNonOperatingIncome": "2656000", "depreciation": "None", "depreciationAndAmortization": "210842000", "incomeBeforeTax": "124433000", "incomeTaxExpense": "None", "interestAndDebtExpense": "35678000", "netIncomeFromContinuingOperations": "371920000", "comprehensiveIncomeNetOfTax": "101626000", "ebit": "383261000", "ebitda": "594103000", "netIncome": "103147000"}, {"fiscalDateEnding": "2021-06-30", "reportedCurrency": "USD", "grossProfit": "660598000", "totalRevenue": "1037411000", "costOfRevenue": "376813000", "costofGoodsAndServicesSold": "143955000", "operatingIncome": "427740000", "sellingGeneralAndAdministrative": "37880000", "researchAndDevelopment": "None", "operatingExpenses": "232858000", "investmentIncomeNet": "None", "netInterestIncome": "-35158000", "interestIncome": "271714000", "interestExpense": "35158000", "nonInterestIncome": "569851000", "otherNonOperatingIncome": "2609000", "depreciation": "None", "depreciationAndAmortization": "190052000", "incomeBeforeTax": "404520000", "incomeTaxExpense": "None", "interestAndDebtExpense": "35158000", "netIncomeFromContinuingOperations": "674380000", "comprehensiveIncomeNetOfTax": "386375000", "ebit": "427740000", "ebitda": "617792000", "netIncome": "385084000"}, {"fiscalDateEnding": "2021-03-31", "reportedCurrency": "USD", "grossProfit": "542074000", "totalRevenue": "899971000", "costOfRevenue": "357897000", "costofGoodsAndServicesSold": "137888000", "operatingIncome": "322065000", "sellingGeneralAndAdministrative": "33996000", "researchAndDevelopment": "None", "operatingExpenses": "220009000", "investmentIncomeNet": "None", "netInterestIncome": "-36467000", "interestIncome": "-31916000", "interestExpense": "36467000", "nonInterestIncome": "459861000", "otherNonOperatingIncome": "-60937000", "depreciation": "None", "depreciationAndAmortization": "180913000", "incomeBeforeTax": "25533000", "incomeTaxExpense": "None", "interestAndDebtExpense": "103720000", "netIncomeFromContinuingOperations": "323837000", "comprehensiveIncomeNetOfTax": "8947000", "ebit": "322065000", "ebitda": "502978000", "netIncome": "8121000"}, {"fiscalDateEnding": "2020-12-31", "reportedCurrency": "USD", "grossProfit": "463720000", "totalRevenue": "463720000", "costOfRevenue": "25200000", "costofGoodsAndServicesSold": "136767000", "operatingIncome": "463720000", "sellingGeneralAndAdministrative": "32690000", "researchAndDevelopment": "None", "operatingExpenses": "25200000", "investmentIncomeNet": "None", "netInterestIncome": "-37538000", "interestIncome": "221192000", "interestExpense": "37538000", "nonInterestIncome": "463720000", "otherNonOperatingIncome": "-4305000", "depreciation": "None", "depreciationAndAmortization": "177750000", "incomeBeforeTax": "457133000", "incomeTaxExpense": "None", "interestAndDebtExpense": "45436000", "netIncomeFromContinuingOperations": "463720000", "comprehensiveIncomeNetOfTax": "445497000", "ebit": "463720000", "ebitda": "641470000", "netIncome": "441484000"}, {"fiscalDateEnding": "2020-09-30", "reportedCurrency": "USD", "grossProfit": "645035000", "totalRevenue": "1006902000", "costOfRevenue": "361867000", "costofGoodsAndServicesSold": "140443000", "operatingIncome": "423611000", "sellingGeneralAndAdministrative": "36913000", "researchAndDevelopment": "None", "operatingExpenses": "221424000", "investmentIncomeNet": "None", "netInterestIncome": "-43318000", "interestIncome": "-36192000", "interestExpense": "43318000", "nonInterestIncome": "509633000", "otherNonOperatingIncome": "-48992000", "depreciation": "None", "depreciationAndAmortization": "176831000", "incomeBeforeTax": "95799000", "incomeTaxExpense": "None", "interestAndDebtExpense": "96088000", "netIncomeFromContinuingOperations": "413376000", "comprehensiveIncomeNetOfTax": "83498000", "ebit": "423611000", "ebitda": "600442000", "netIncome": "81056000"}, {"fiscalDateEnding": "2020-06-30", "reportedCurrency": "USD", "grossProfit": "622266000", "totalRevenue": "835286000", "costOfRevenue": "213020000", "costofGoodsAndServicesSold": "123911000", "operatingIncome": "409246000", "sellingGeneralAndAdministrative": "31775000", "researchAndDevelopment": "None", "operatingExpenses": "213020000", "investmentIncomeNet": "None", "netInterestIncome": "-45014000", "interestIncome": "143536000", "interestExpense": "45014000", "nonInterestIncome": "449961000", "otherNonOperatingIncome": "3893000", "depreciation": "None", "depreciationAndAmortization": "168027000", "incomeBeforeTax": "243561000", "incomeTaxExpense": "None", "interestAndDebtExpense": "45014000", "netIncomeFromContinuingOperations": "584791000", "comprehensiveIncomeNetOfTax": "232180000", "ebit": "409246000", "ebitda": "577273000", "netIncome": "229654000"}, {"fiscalDateEnding": "2020-03-31", "reportedCurrency": "USD", "grossProfit": "608783000", "totalRevenue": "818245000", "costOfRevenue": "209462000", "costofGoodsAndServicesSold": "129103000", "operatingIncome": "399321000", "sellingGeneralAndAdministrative": "31963000", "researchAndDevelopment": "None", "operatingExpenses": "209462000", "investmentIncomeNet": "None", "netInterestIncome": "-45739000", "interestIncome": "-70676000", "interestExpense": "45739000", "nonInterestIncome": "435242000", "otherNonOperatingIncome": "-3116000", "depreciation": "None", "depreciationAndAmortization": "175496000", "incomeBeforeTax": "30678000", "incomeTaxExpense": "None", "interestAndDebtExpense": "45739000", "netIncomeFromContinuingOperations": "374384000", "comprehensiveIncomeNetOfTax": "12908000", "ebit": "399321000", "ebitda": "574817000", "netIncome": "18765000"}, {"fiscalDateEnding": "2019-12-31", "reportedCurrency": "USD", "grossProfit": "408114000", "totalRevenue": "408114000", "costOfRevenue": "12300000", "costofGoodsAndServicesSold": "121852000", "operatingIncome": "408114000", "sellingGeneralAndAdministrative": "29782000", "researchAndDevelopment": "None", "operatingExpenses": "12300000", "investmentIncomeNet": "None", "netInterestIncome": "-45493000", "interestIncome": "111951000", "interestExpense": "45493000", "nonInterestIncome": "408114000", "otherNonOperatingIncome": "13460000", "depreciation": "None", "depreciationAndAmortization": "140518000", "incomeBeforeTax": "216053000", "incomeTaxExpense": "None", "interestAndDebtExpense": "45493000", "netIncomeFromContinuingOperations": "408114000", "comprehensiveIncomeNetOfTax": "204241000", "ebit": "408114000", "ebitda": "548632000", "netIncome": "202441000"}, {"fiscalDateEnding": "2019-09-30", "reportedCurrency": "USD", "grossProfit": "520132000", "totalRevenue": "683632000", "costOfRevenue": "163500000", "costofGoodsAndServicesSold": "116450000", "operatingIncome": "356632000", "sellingGeneralAndAdministrative": "27930000", "researchAndDevelopment": "None", "operatingExpenses": "163500000", "investmentIncomeNet": "None", "netInterestIncome": "-46203000", "interestIncome": "-106328000", "interestExpense": "46203000", "nonInterestIncome": "357242000", "otherNonOperatingIncome": "40209000", "depreciation": "None", "depreciationAndAmortization": "135570000", "incomeBeforeTax": "-36003000", "incomeTaxExpense": "None", "interestAndDebtExpense": "86412000", "netIncomeFromContinuingOperations": "289540000", "comprehensiveIncomeNetOfTax": "-47617000", "ebit": "356632000", "ebitda": "492202000", "netIncome": "-47202000"}, {"fiscalDateEnding": "2019-06-30", "reportedCurrency": "USD", "grossProfit": "539009000", "totalRevenue": "699880000", "costOfRevenue": "160871000", "costofGoodsAndServicesSold": "105689000", "operatingIncome": "378138000", "sellingGeneralAndAdministrative": "26434000", "researchAndDevelopment": "None", "operatingExpenses": "160871000", "investmentIncomeNet": "None", "netInterestIncome": "-42879000", "interestIncome": "-20117000", "interestExpense": "42879000", "nonInterestIncome": "384298000", "otherNonOperatingIncome": "1262000", "depreciation": "None", "depreciationAndAmortization": "134437000", "incomeBeforeTax": "87179000", "incomeTaxExpense": "None", "interestAndDebtExpense": "42879000", "netIncomeFromContinuingOperations": "390458000", "comprehensiveIncomeNetOfTax": "78345000", "ebit": "378138000", "ebitda": "512575000", "netIncome": "78767000"}, {"fiscalDateEnding": "2019-03-31", "reportedCurrency": "USD", "grossProfit": "164967000", "totalRevenue": "323731000", "costOfRevenue": "158764000", "costofGoodsAndServicesSold": "101501000", "operatingIncome": "6203000", "sellingGeneralAndAdministrative": "24677000", "researchAndDevelopment": "None", "operatingExpenses": "158764000", "investmentIncomeNet": "None", "netInterestIncome": "-39100000", "interestIncome": "None", "interestExpense": "39100000", "nonInterestIncome": "362831000", "otherNonOperatingIncome": "-7361000", "depreciation": "None", "depreciationAndAmortization": "134087000", "incomeBeforeTax": "136818000", "incomeTaxExpense": "None", "interestAndDebtExpense": "46461000", "netIncomeFromContinuingOperations": "90905000", "comprehensiveIncomeNetOfTax": "128882000", "ebit": "6203000", "ebitda": "140290000", "netIncome": "129159000"}, {"fiscalDateEnding": "2018-12-31", "reportedCurrency": "USD", "grossProfit": "340463000", "totalRevenue": "340463000", "costOfRevenue": "147375000", "costofGoodsAndServicesSold": "97682000", "operatingIncome": "340463000", "sellingGeneralAndAdministrative": "22385000", "researchAndDevelopment": "None", "operatingExpenses": "147375000", "investmentIncomeNet": "None", "netInterestIncome": "-40239000", "interestIncome": "None", "interestExpense": "40239000", "nonInterestIncome": "340463000", "otherNonOperatingIncome": "10000", "depreciation": "None", "depreciationAndAmortization": "124990000", "incomeBeforeTax": "-18631000", "incomeTaxExpense": "None", "interestAndDebtExpense": "40239000", "netIncomeFromContinuingOperations": "340463000", "comprehensiveIncomeNetOfTax": "-31308000", "ebit": "340463000", "ebitda": "465453000", "netIncome": "-24684000"}, {"fiscalDateEnding": "2018-09-30", "reportedCurrency": "USD", "grossProfit": "161212000", "totalRevenue": "303472000", "costOfRevenue": "142260000", "costofGoodsAndServicesSold": "99759000", "operatingIncome": "18952000", "sellingGeneralAndAdministrative": "22660000", "researchAndDevelopment": "None", "operatingExpenses": "142260000", "investmentIncomeNet": "None", "netInterestIncome": "-42244000", "interestIncome": "None", "interestExpense": "42244000", "nonInterestIncome": "345716000", "otherNonOperatingIncome": "-1122000", "depreciation": "None", "depreciationAndAmortization": "119600000", "incomeBeforeTax": "219359000", "incomeTaxExpense": "None", "interestAndDebtExpense": "43366000", "netIncomeFromContinuingOperations": "176858000", "comprehensiveIncomeNetOfTax": "212310000", "ebit": "18952000", "ebitda": "138552000", "netIncome": "213636000"}, {"fiscalDateEnding": "2018-06-30", "reportedCurrency": "USD", "grossProfit": "146298000", "totalRevenue": "294400000", "costOfRevenue": "148102000", "costofGoodsAndServicesSold": "91908000", "operatingIncome": "-1804000", "sellingGeneralAndAdministrative": "22939000", "researchAndDevelopment": "None", "operatingExpenses": "148102000", "investmentIncomeNet": "None", "netInterestIncome": "-38097000", "interestIncome": "None", "interestExpense": "38097000", "nonInterestIncome": "332497000", "otherNonOperatingIncome": "1090000", "depreciation": "None", "depreciationAndAmortization": "118852000", "incomeBeforeTax": "60547000", "incomeTaxExpense": "None", "interestAndDebtExpense": "38097000", "netIncomeFromContinuingOperations": "4353000", "comprehensiveIncomeNetOfTax": "51017000", "ebit": "-1804000", "ebitda": "117048000", "netIncome": "54730000"}, {"fiscalDateEnding": "2018-03-31", "reportedCurrency": "USD", "grossProfit": "546267000", "totalRevenue": "774678000", "costOfRevenue": "228411000", "costofGoodsAndServicesSold": "91771000", "operatingIncome": "409627000", "sellingGeneralAndAdministrative": "22421000", "researchAndDevelopment": "None", "operatingExpenses": "136640000", "investmentIncomeNet": "None", "netInterestIncome": "-36915000", "interestIncome": "None", "interestExpense": "36915000", "nonInterestIncome": "244485000", "otherNonOperatingIncome": "1144000", "depreciation": "None", "depreciationAndAmortization": "114219000", "incomeBeforeTax": "141518000", "incomeTaxExpense": "None", "interestAndDebtExpense": "36915000", "netIncomeFromContinuingOperations": "496332000", "comprehensiveIncomeNetOfTax": "136605000", "ebit": "409627000", "ebitda": "523846000", "netIncome": "135630000"}, {"fiscalDateEnding": "2017-12-31", "reportedCurrency": "USD", "grossProfit": "298791000", "totalRevenue": "298791000", "costOfRevenue": "214697000", "costofGoodsAndServicesSold": "88073000", "operatingIncome": "298791000", "sellingGeneralAndAdministrative": "18910000", "researchAndDevelopment": "None", "operatingExpenses": "126624000", "investmentIncomeNet": "-678000", "netInterestIncome": "-36082000", "interestIncome": "None", "interestExpense": "36082000", "nonInterestIncome": "298791000", "otherNonOperatingIncome": "-11797000", "depreciation": "None", "depreciationAndAmortization": "107714000", "incomeBeforeTax": "45607000", "incomeTaxExpense": "None", "interestAndDebtExpense": "38863000", "netIncomeFromContinuingOperations": "-893354000", "comprehensiveIncomeNetOfTax": "45548000", "ebit": "298791000", "ebitda": "406505000", "netIncome": "39388000"}, {"fiscalDateEnding": "2017-09-30", "reportedCurrency": "USD", "grossProfit": "479779000", "totalRevenue": "688672000", "costOfRevenue": "208893000", "costofGoodsAndServicesSold": "83469000", "operatingIncome": "354355000", "sellingGeneralAndAdministrative": "17636000", "researchAndDevelopment": "None", "operatingExpenses": "125424000", "investmentIncomeNet": "1045000", "netInterestIncome": "-31031000", "interestIncome": "None", "interestExpense": "31031000", "nonInterestIncome": "216021000", "otherNonOperatingIncome": "14100000", "depreciation": "None", "depreciationAndAmortization": "107788000", "incomeBeforeTax": "59546000", "incomeTaxExpense": "None", "interestAndDebtExpense": "31031000", "netIncomeFromContinuingOperations": "369500000", "comprehensiveIncomeNetOfTax": "74960000", "ebit": "354355000", "ebitda": "462143000", "netIncome": "53773000"}, {"fiscalDateEnding": "2017-06-30", "reportedCurrency": "USD", "grossProfit": "465827000", "totalRevenue": "666342000", "costOfRevenue": "200515000", "costofGoodsAndServicesSold": "76980000", "operatingIncome": "342292000", "sellingGeneralAndAdministrative": "19234000", "researchAndDevelopment": "None", "operatingExpenses": "123535000", "investmentIncomeNet": "-525000", "netInterestIncome": "-31248000", "interestIncome": "500000", "interestExpense": "31748000", "nonInterestIncome": "211942000", "otherNonOperatingIncome": "589000", "depreciation": "None", "depreciationAndAmortization": "104098000", "incomeBeforeTax": "41496000", "incomeTaxExpense": "None", "interestAndDebtExpense": "31748000", "netIncomeFromContinuingOperations": "341831000", "comprehensiveIncomeNetOfTax": "35438000", "ebit": "342292000", "ebitda": "446390000", "netIncome": "34221000"}, {"fiscalDateEnding": "2017-03-31", "reportedCurrency": "USD", "grossProfit": "464186000", "totalRevenue": "657685000", "costOfRevenue": "193499000", "costofGoodsAndServicesSold": "77087000", "operatingIncome": "347774000", "sellingGeneralAndAdministrative": "19229000", "researchAndDevelopment": "None", "operatingExpenses": "116412000", "investmentIncomeNet": "1487000", "netInterestIncome": "-29246000", "interestIncome": "538000", "interestExpense": "29784000", "nonInterestIncome": "206523000", "otherNonOperatingIncome": "670000", "depreciation": "None", "depreciationAndAmortization": "97183000", "incomeBeforeTax": "47555000", "incomeTaxExpense": "None", "interestAndDebtExpense": "30454000", "netIncomeFromContinuingOperations": "351109000", "comprehensiveIncomeNetOfTax": "57816000", "ebit": "347774000", "ebitda": "444957000", "netIncome": "41711000"}, {"fiscalDateEnding": "2016-12-31", "reportedCurrency": "USD", "grossProfit": "249162000", "totalRevenue": "249162000", "costOfRevenue": "201948000", "costofGoodsAndServicesSold": "73244000", "operatingIncome": "249162000", "sellingGeneralAndAdministrative": "17458000", "researchAndDevelopment": "None", "operatingExpenses": "128704000", "investmentIncomeNet": "-918000", "netInterestIncome": "-26766000", "interestIncome": "4457000", "interestExpense": "31223000", "nonInterestIncome": "187315000", "otherNonOperatingIncome": "543000", "depreciation": "None", "depreciationAndAmortization": "95222000", "incomeBeforeTax": "19792000", "incomeTaxExpense": "None", "interestAndDebtExpense": "31223000", "netIncomeFromContinuingOperations": "15304000", "comprehensiveIncomeNetOfTax": "52404000", "ebit": "249162000", "ebitda": "344384000", "netIncome": "15304000"}]}