{"symbol": "ATO", "annualReports": [{"fiscalDateEnding": "2021-09-30", "reportedCurrency": "USD", "grossProfit": "2374773000", "totalRevenue": "3407490000", "costOfRevenue": "1032717000", "costofGoodsAndServicesSold": "None", "operatingIncome": "904998000", "sellingGeneralAndAdministrative": "1015898000", "researchAndDevelopment": "None", "operatingExpenses": "1537682000", "investmentIncomeNet": "None", "netInterestIncome": "-83554000", "interestIncome": "None", "interestExpense": "83554000", "nonInterestIncome": "None", "otherNonOperatingIncome": "-2145000", "depreciation": "None", "depreciationAndAmortization": "477977000", "incomeBeforeTax": "819299000", "incomeTaxExpense": "153736000", "interestAndDebtExpense": "83554000", "netIncomeFromContinuingOperations": "665563000", "comprehensiveIncomeNetOfTax": "792955000", "ebit": "902853000", "ebitda": "1380830000", "netIncome": "665563000"}, {"fiscalDateEnding": "2020-09-30", "reportedCurrency": "USD", "grossProfit": "2162283000", "totalRevenue": "2821137000", "costOfRevenue": "658854000", "costofGoodsAndServicesSold": "None", "operatingIncome": "824099000", "sellingGeneralAndAdministrative": "929456000", "researchAndDevelopment": "None", "operatingExpenses": "1359284000", "investmentIncomeNet": "None", "netInterestIncome": "-84474000", "interestIncome": "None", "interestExpense": "84474000", "nonInterestIncome": "None", "otherNonOperatingIncome": "7171000", "depreciation": "None", "depreciationAndAmortization": "429828000", "incomeBeforeTax": "746796000", "incomeTaxExpense": "145353000", "interestAndDebtExpense": "84474000", "netIncomeFromContinuingOperations": "601443000", "comprehensiveIncomeNetOfTax": "658437000", "ebit": "831270000", "ebitda": "1261098000", "netIncome": "601443000"}, {"fiscalDateEnding": "2019-09-30", "reportedCurrency": "USD", "grossProfit": "2043011000", "totalRevenue": "2901848000", "costOfRevenue": "858837000", "costofGoodsAndServicesSold": "None", "operatingIncome": "746058000", "sellingGeneralAndAdministrative": "929397000", "researchAndDevelopment": "None", "operatingExpenses": "1320853000", "investmentIncomeNet": "None", "netInterestIncome": "-103153000", "interestIncome": "None", "interestExpense": "103153000", "nonInterestIncome": "None", "otherNonOperatingIncome": "7404000", "depreciation": "None", "depreciationAndAmortization": "391456000", "incomeBeforeTax": "650309000", "incomeTaxExpense": "138903000", "interestAndDebtExpense": "103153000", "netIncomeFromContinuingOperations": "511406000", "comprehensiveIncomeNetOfTax": "488680000", "ebit": "753462000", "ebitda": "1144918000", "netIncome": "511406000"}, {"fiscalDateEnding": "2018-09-30", "reportedCurrency": "USD", "grossProfit": "1947698000", "totalRevenue": "3115546000", "costOfRevenue": "1167848000", "costofGoodsAndServicesSold": "None", "operatingIncome": "727934000", "sellingGeneralAndAdministrative": "921181000", "researchAndDevelopment": "None", "operatingExpenses": "1282264000", "investmentIncomeNet": "None", "netInterestIncome": "-106646000", "interestIncome": "None", "interestExpense": "106646000", "nonInterestIncome": "None", "otherNonOperatingIncome": "-10144000", "depreciation": "None", "depreciationAndAmortization": "361083000", "incomeBeforeTax": "611144000", "incomeTaxExpense": "8080000", "interestAndDebtExpense": "106646000", "netIncomeFromContinuingOperations": "603064000", "comprehensiveIncomeNetOfTax": "647605000", "ebit": "717790000", "ebitda": "1078873000", "netIncome": "603064000"}, {"fiscalDateEnding": "2017-09-30", "reportedCurrency": "USD", "grossProfit": "-2201371000", "totalRevenue": "2759735000", "costOfRevenue": "2087989000", "costofGoodsAndServicesSold": "925536000", "operatingIncome": "735628000", "sellingGeneralAndAdministrative": "843005000", "researchAndDevelopment": "None", "operatingExpenses": "1162453000", "investmentIncomeNet": "None", "netInterestIncome": "-120182000", "interestIncome": "None", "interestExpense": "120182000", "nonInterestIncome": "6800000", "otherNonOperatingIncome": "-11352000", "depreciation": "None", "depreciationAndAmortization": "319448000", "incomeBeforeTax": "617804000", "incomeTaxExpense": "221383000", "interestAndDebtExpense": "120182000", "netIncomeFromContinuingOperations": "382711000", "comprehensiveIncomeNetOfTax": "479189000", "ebit": "737986000", "ebitda": "1057434000", "netIncome": "396421000"}], "quarterlyReports": [{"fiscalDateEnding": "2021-09-30", "reportedCurrency": "USD", "grossProfit": "484606000", "totalRevenue": "568384000", "costOfRevenue": "83778000", "costofGoodsAndServicesSold": "None", "operatingIncome": "90964000", "sellingGeneralAndAdministrative": "293034000", "researchAndDevelopment": "None", "operatingExpenses": "428677000", "investmentIncomeNet": "None", "netInterestIncome": "-14486000", "interestIncome": "None", "interestExpense": "14486000", "nonInterestIncome": "None", "otherNonOperatingIncome": "-16938000", "depreciation": "None", "depreciationAndAmortization": "124708000", "incomeBeforeTax": "59540000", "incomeTaxExpense": "10820000", "interestAndDebtExpense": "14486000", "netIncomeFromContinuingOperations": "48720000", "comprehensiveIncomeNetOfTax": "57284000", "ebit": "74026000", "ebitda": "198734000", "netIncome": "48720000"}, {"fiscalDateEnding": "2021-06-30", "reportedCurrency": "USD", "grossProfit": "518683000", "totalRevenue": "605553000", "costOfRevenue": "86870000", "costofGoodsAndServicesSold": "None", "operatingIncome": "133390000", "sellingGeneralAndAdministrative": "265945000", "researchAndDevelopment": "None", "operatingExpenses": "390696000", "investmentIncomeNet": "None", "netInterestIncome": "-20962000", "interestIncome": "None", "interestExpense": "20962000", "nonInterestIncome": "None", "otherNonOperatingIncome": "5887000", "depreciation": "None", "depreciationAndAmortization": "119348000", "incomeBeforeTax": "118315000", "incomeTaxExpense": "15904000", "interestAndDebtExpense": "20962000", "netIncomeFromContinuingOperations": "102411000", "comprehensiveIncomeNetOfTax": "23179000", "ebit": "139277000", "ebitda": "258625000", "netIncome": "102411000"}, {"fiscalDateEnding": "2021-03-31", "reportedCurrency": "USD", "grossProfit": "745264000", "totalRevenue": "1319073000", "costOfRevenue": "573809000", "costofGoodsAndServicesSold": "None", "operatingIncome": "381804000", "sellingGeneralAndAdministrative": "244824000", "researchAndDevelopment": "None", "operatingExpenses": "374992000", "investmentIncomeNet": "None", "netInterestIncome": "-26096000", "interestIncome": "None", "interestExpense": "26096000", "nonInterestIncome": "None", "otherNonOperatingIncome": "2834000", "depreciation": "None", "depreciationAndAmortization": "118636000", "incomeBeforeTax": "358542000", "incomeTaxExpense": "61788000", "interestAndDebtExpense": "26096000", "netIncomeFromContinuingOperations": "296754000", "comprehensiveIncomeNetOfTax": "434693000", "ebit": "384638000", "ebitda": "503274000", "netIncome": "296754000"}, {"fiscalDateEnding": "2020-12-31", "reportedCurrency": "USD", "grossProfit": "626220000", "totalRevenue": "914480000", "costOfRevenue": "288260000", "costofGoodsAndServicesSold": "None", "operatingIncome": "298840000", "sellingGeneralAndAdministrative": "212095000", "researchAndDevelopment": "None", "operatingExpenses": "334317000", "investmentIncomeNet": "None", "netInterestIncome": "-22010000", "interestIncome": "None", "interestExpense": "22010000", "nonInterestIncome": "None", "otherNonOperatingIncome": "6072000", "depreciation": "None", "depreciationAndAmortization": "115285000", "incomeBeforeTax": "282902000", "incomeTaxExpense": "65224000", "interestAndDebtExpense": "22010000", "netIncomeFromContinuingOperations": "217678000", "comprehensiveIncomeNetOfTax": "277799000", "ebit": "304912000", "ebitda": "420197000", "netIncome": "217678000"}, {"fiscalDateEnding": "2020-09-30", "reportedCurrency": "USD", "grossProfit": "456883000", "totalRevenue": "474914000", "costOfRevenue": "18031000", "costofGoodsAndServicesSold": "None", "operatingIncome": "100845000", "sellingGeneralAndAdministrative": "265392000", "researchAndDevelopment": "None", "operatingExpenses": "377138000", "investmentIncomeNet": "None", "netInterestIncome": "-15494000", "interestIncome": "None", "interestExpense": "15494000", "nonInterestIncome": "None", "otherNonOperatingIncome": "-1962000", "depreciation": "None", "depreciationAndAmortization": "111746000", "incomeBeforeTax": "83389000", "incomeTaxExpense": "18056000", "interestAndDebtExpense": "15494000", "netIncomeFromContinuingOperations": "65333000", "comprehensiveIncomeNetOfTax": "124471000", "ebit": "98883000", "ebitda": "210629000", "netIncome": "65333000"}, {"fiscalDateEnding": "2020-06-30", "reportedCurrency": "USD", "grossProfit": "466923000", "totalRevenue": "492995000", "costOfRevenue": "26072000", "costofGoodsAndServicesSold": "None", "operatingIncome": "139035000", "sellingGeneralAndAdministrative": "220784000", "researchAndDevelopment": "None", "operatingExpenses": "327888000", "investmentIncomeNet": "None", "netInterestIncome": "-19580000", "interestIncome": "None", "interestExpense": "19580000", "nonInterestIncome": "None", "otherNonOperatingIncome": "7235000", "depreciation": "None", "depreciationAndAmortization": "107104000", "incomeBeforeTax": "126690000", "incomeTaxExpense": "8899000", "interestAndDebtExpense": "19580000", "netIncomeFromContinuingOperations": "117791000", "comprehensiveIncomeNetOfTax": "113705000", "ebit": "146270000", "ebitda": "253374000", "netIncome": "117791000"}, {"fiscalDateEnding": "2020-03-31", "reportedCurrency": "USD", "grossProfit": "659782000", "totalRevenue": "977665000", "costOfRevenue": "317883000", "costofGoodsAndServicesSold": "None", "operatingIncome": "331438000", "sellingGeneralAndAdministrative": "222428000", "researchAndDevelopment": "None", "operatingExpenses": "328344000", "investmentIncomeNet": "None", "netInterestIncome": "-22171000", "interestIncome": "None", "interestExpense": "22171000", "nonInterestIncome": "None", "otherNonOperatingIncome": "-2989000", "depreciation": "None", "depreciationAndAmortization": "105916000", "incomeBeforeTax": "306278000", "incomeTaxExpense": "66632000", "interestAndDebtExpense": "22171000", "netIncomeFromContinuingOperations": "239646000", "comprehensiveIncomeNetOfTax": "240536000", "ebit": "328449000", "ebitda": "434365000", "netIncome": "239646000"}, {"fiscalDateEnding": "2019-12-31", "reportedCurrency": "USD", "grossProfit": "578695000", "totalRevenue": "875563000", "costOfRevenue": "296868000", "costofGoodsAndServicesSold": "None", "operatingIncome": "252781000", "sellingGeneralAndAdministrative": "220852000", "researchAndDevelopment": "None", "operatingExpenses": "325914000", "investmentIncomeNet": "None", "netInterestIncome": "-27229000", "interestIncome": "None", "interestExpense": "27229000", "nonInterestIncome": "None", "otherNonOperatingIncome": "4887000", "depreciation": "None", "depreciationAndAmortization": "105062000", "incomeBeforeTax": "230439000", "incomeTaxExpense": "51766000", "interestAndDebtExpense": "27229000", "netIncomeFromContinuingOperations": "178673000", "comprehensiveIncomeNetOfTax": "179725000", "ebit": "257668000", "ebitda": "362730000", "netIncome": "178673000"}, {"fiscalDateEnding": "2019-09-30", "reportedCurrency": "USD", "grossProfit": "430013000", "totalRevenue": "443683000", "costOfRevenue": "13670000", "costofGoodsAndServicesSold": "None", "operatingIncome": "89715000", "sellingGeneralAndAdministrative": "263279000", "researchAndDevelopment": "None", "operatingExpenses": "364198000", "investmentIncomeNet": "None", "netInterestIncome": "-28763000", "interestIncome": "None", "interestExpense": "28763000", "nonInterestIncome": "None", "otherNonOperatingIncome": "9250000", "depreciation": "None", "depreciationAndAmortization": "100919000", "incomeBeforeTax": "70202000", "incomeTaxExpense": "11796000", "interestAndDebtExpense": "28763000", "netIncomeFromContinuingOperations": "58406000", "comprehensiveIncomeNetOfTax": "59486000", "ebit": "98965000", "ebitda": "199884000", "netIncome": "58406000"}, {"fiscalDateEnding": "2019-06-30", "reportedCurrency": "USD", "grossProfit": "454412000", "totalRevenue": "485738000", "costOfRevenue": "31326000", "costofGoodsAndServicesSold": "None", "operatingIncome": "122202000", "sellingGeneralAndAdministrative": "234510000", "researchAndDevelopment": "None", "operatingExpenses": "332210000", "investmentIncomeNet": "None", "netInterestIncome": "-19592000", "interestIncome": "None", "interestExpense": "19592000", "nonInterestIncome": "None", "otherNonOperatingIncome": "1645000", "depreciation": "None", "depreciationAndAmortization": "97700000", "incomeBeforeTax": "104255000", "incomeTaxExpense": "23789000", "interestAndDebtExpense": "19592000", "netIncomeFromContinuingOperations": "80466000", "comprehensiveIncomeNetOfTax": "81613000", "ebit": "123847000", "ebitda": "221547000", "netIncome": "80466000"}, {"fiscalDateEnding": "2019-03-31", "reportedCurrency": "USD", "grossProfit": "622969000", "totalRevenue": "1094645000", "costOfRevenue": "471676000", "costofGoodsAndServicesSold": "None", "operatingIncome": "297677000", "sellingGeneralAndAdministrative": "228520000", "researchAndDevelopment": "None", "operatingExpenses": "325292000", "investmentIncomeNet": "None", "netInterestIncome": "-26949000", "interestIncome": "None", "interestExpense": "26949000", "nonInterestIncome": "None", "otherNonOperatingIncome": "4232000", "depreciation": "None", "depreciationAndAmortization": "96772000", "incomeBeforeTax": "274960000", "incomeTaxExpense": "60072000", "interestAndDebtExpense": "26949000", "netIncomeFromContinuingOperations": "214888000", "comprehensiveIncomeNetOfTax": "212193000", "ebit": "301909000", "ebitda": "398681000", "netIncome": "214888000"}, {"fiscalDateEnding": "2018-12-31", "reportedCurrency": "USD", "grossProfit": "535617000", "totalRevenue": "877782000", "costOfRevenue": "342165000", "costofGoodsAndServicesSold": "None", "operatingIncome": "236464000", "sellingGeneralAndAdministrative": "203088000", "researchAndDevelopment": "None", "operatingExpenses": "299153000", "investmentIncomeNet": "None", "netInterestIncome": "-27849000", "interestIncome": "None", "interestExpense": "27849000", "nonInterestIncome": "None", "otherNonOperatingIncome": "-7723000", "depreciation": "None", "depreciationAndAmortization": "96065000", "incomeBeforeTax": "200892000", "incomeTaxExpense": "43246000", "interestAndDebtExpense": "27849000", "netIncomeFromContinuingOperations": "157646000", "comprehensiveIncomeNetOfTax": "135388000", "ebit": "228741000", "ebitda": "324806000", "netIncome": "157646000"}, {"fiscalDateEnding": "2018-09-30", "reportedCurrency": "USD", "grossProfit": "401615000", "totalRevenue": "444700000", "costOfRevenue": "43085000", "costofGoodsAndServicesSold": "None", "operatingIncome": "90629000", "sellingGeneralAndAdministrative": "277066000", "researchAndDevelopment": "None", "operatingExpenses": "369723000", "investmentIncomeNet": "None", "netInterestIncome": "-24484000", "interestIncome": "None", "interestExpense": "24484000", "nonInterestIncome": "None", "otherNonOperatingIncome": "-2090000", "depreciation": "None", "depreciationAndAmortization": "92657000", "incomeBeforeTax": "64055000", "incomeTaxExpense": "25308000", "interestAndDebtExpense": "24484000", "netIncomeFromContinuingOperations": "38747000", "comprehensiveIncomeNetOfTax": "54415000", "ebit": "88539000", "ebitda": "181196000", "netIncome": "38747000"}, {"fiscalDateEnding": "2018-06-30", "reportedCurrency": "USD", "grossProfit": "431359000", "totalRevenue": "562245000", "costOfRevenue": "130886000", "costofGoodsAndServicesSold": "130886000", "operatingIncome": "124320000", "sellingGeneralAndAdministrative": "217695000", "researchAndDevelopment": "None", "operatingExpenses": "308366000", "investmentIncomeNet": "None", "netInterestIncome": "-23349000", "interestIncome": "None", "interestExpense": "23349000", "nonInterestIncome": "None", "otherNonOperatingIncome": "-3330000", "depreciation": "None", "depreciationAndAmortization": "90671000", "incomeBeforeTax": "97641000", "incomeTaxExpense": "26448000", "interestAndDebtExpense": "23349000", "netIncomeFromContinuingOperations": "71193000", "comprehensiveIncomeNetOfTax": "79823000", "ebit": "120990000", "ebitda": "211661000", "netIncome": "71193000"}, {"fiscalDateEnding": "2018-03-31", "reportedCurrency": "USD", "grossProfit": "-977725000", "totalRevenue": "1219409000", "costOfRevenue": "950421000", "costofGoodsAndServicesSold": "626960000", "operatingIncome": "270902000", "sellingGeneralAndAdministrative": "234080000", "researchAndDevelopment": "None", "operatingExpenses": "323461000", "investmentIncomeNet": "None", "netInterestIncome": "-27304000", "interestIncome": "None", "interestExpense": "27304000", "nonInterestIncome": "None", "otherNonOperatingIncome": "-2167000", "depreciation": "None", "depreciationAndAmortization": "89381000", "incomeBeforeTax": "241431000", "incomeTaxExpense": "62439000", "interestAndDebtExpense": "27304000", "netIncomeFromContinuingOperations": "178992000", "comprehensiveIncomeNetOfTax": "200297000", "ebit": "268735000", "ebitda": "358116000", "netIncome": "178992000"}, {"fiscalDateEnding": "2017-12-31", "reportedCurrency": "USD", "grossProfit": "-679140000", "totalRevenue": "889192000", "costOfRevenue": "647631000", "costofGoodsAndServicesSold": "366917000", "operatingIncome": "242083000", "sellingGeneralAndAdministrative": "192340000", "researchAndDevelopment": "None", "operatingExpenses": "280714000", "investmentIncomeNet": "None", "netInterestIncome": "-31509000", "interestIncome": "None", "interestExpense": "31509000", "nonInterestIncome": "None", "otherNonOperatingIncome": "-2557000", "depreciation": "None", "depreciationAndAmortization": "88374000", "incomeBeforeTax": "208017000", "incomeTaxExpense": "-106115000", "interestAndDebtExpense": "31509000", "netIncomeFromContinuingOperations": "314132000", "comprehensiveIncomeNetOfTax": "313070000", "ebit": "239526000", "ebitda": "327900000", "netIncome": "314132000"}, {"fiscalDateEnding": "2017-09-30", "reportedCurrency": "USD", "grossProfit": "-72561000", "totalRevenue": "464880000", "costOfRevenue": "72561000", "costofGoodsAndServicesSold": "72561000", "operatingIncome": "91792000", "sellingGeneralAndAdministrative": "271527000", "researchAndDevelopment": "None", "operatingExpenses": "356327000", "investmentIncomeNet": "None", "netInterestIncome": "-33710000", "interestIncome": "None", "interestExpense": "33710000", "nonInterestIncome": "0", "otherNonOperatingIncome": "-10902000", "depreciation": "None", "depreciationAndAmortization": "84800000", "incomeBeforeTax": "55262000", "incomeTaxExpense": "19409000", "interestAndDebtExpense": "33710000", "netIncomeFromContinuingOperations": "35853000", "comprehensiveIncomeNetOfTax": "35198000", "ebit": "88972000", "ebitda": "173772000", "netIncome": "35853000"}, {"fiscalDateEnding": "2017-06-30", "reportedCurrency": "USD", "grossProfit": "-414335000", "totalRevenue": "526501000", "costOfRevenue": "385837000", "costofGoodsAndServicesSold": "114176000", "operatingIncome": "140664000", "sellingGeneralAndAdministrative": "191638000", "researchAndDevelopment": "None", "operatingExpenses": "271661000", "investmentIncomeNet": "None", "netInterestIncome": "-28498000", "interestIncome": "None", "interestExpense": "28498000", "nonInterestIncome": "0", "otherNonOperatingIncome": "-289000", "depreciation": "None", "depreciationAndAmortization": "80023000", "incomeBeforeTax": "111877000", "incomeTaxExpense": "41069000", "interestAndDebtExpense": "28498000", "netIncomeFromContinuingOperations": "70808000", "comprehensiveIncomeNetOfTax": "53103000", "ebit": "140375000", "ebitda": "220398000", "netIncome": "70808000"}, {"fiscalDateEnding": "2017-03-31", "reportedCurrency": "USD", "grossProfit": "-729958000", "totalRevenue": "None", "costOfRevenue": "703014000", "costofGoodsAndServicesSold": "427494000", "operatingIncome": "285172000", "sellingGeneralAndAdministrative": "197853000", "researchAndDevelopment": "None", "operatingExpenses": "275520000", "investmentIncomeNet": "None", "netInterestIncome": "-26944000", "interestIncome": "None", "interestExpense": "26944000", "nonInterestIncome": "0", "otherNonOperatingIncome": "833000", "depreciation": "None", "depreciationAndAmortization": "77667000", "incomeBeforeTax": "261777000", "incomeTaxExpense": "97049000", "interestAndDebtExpense": "26944000", "netIncomeFromContinuingOperations": "162012000", "comprehensiveIncomeNetOfTax": "170488000", "ebit": "288721000", "ebitda": "366388000", "netIncome": "164728000"}, {"fiscalDateEnding": "2016-12-31", "reportedCurrency": "USD", "grossProfit": "468863000", "totalRevenue": "1039113000", "costOfRevenue": "570250000", "costofGoodsAndServicesSold": "311305000", "operatingIncome": "209918000", "sellingGeneralAndAdministrative": "181987000", "researchAndDevelopment": "None", "operatingExpenses": "258945000", "investmentIncomeNet": "None", "netInterestIncome": "-31030000", "interestIncome": "None", "interestExpense": "31030000", "nonInterestIncome": "6800000", "otherNonOperatingIncome": "-994000", "depreciation": "None", "depreciationAndAmortization": "76958000", "incomeBeforeTax": "188888000", "incomeTaxExpense": "63856000", "interestAndDebtExpense": "31030000", "netIncomeFromContinuingOperations": "114038000", "comprehensiveIncomeNetOfTax": "220400000", "ebit": "219918000", "ebitda": "296876000", "netIncome": "125032000"}]}