{"symbol": "AXP", "annualReports": [{"fiscalDateEnding": "2020-12-31", "reportedCurrency": "USD", "grossProfit": "-434000000", "totalRevenue": "38185000000", "costOfRevenue": "31791000000", "costofGoodsAndServicesSold": "10214000000", "operatingIncome": "-11782000000", "sellingGeneralAndAdministrative": "11294000000", "researchAndDevelopment": "None", "operatingExpenses": "11347000000", "investmentIncomeNet": "None", "netInterestIncome": "7985000000", "interestIncome": "10083000000", "interestExpense": "2098000000", "nonInterestIncome": "28102000000", "otherNonOperatingIncome": "None", "depreciation": "None", "depreciationAndAmortization": "54000000", "incomeBeforeTax": "4296000000", "incomeTaxExpense": "1161000000", "interestAndDebtExpense": "2098000000", "netIncomeFromContinuingOperations": "3135000000", "comprehensiveIncomeNetOfTax": "2977000000", "ebit": "6394000000", "ebitda": "6448000000", "netIncome": "3135000000"}, {"fiscalDateEnding": "2019-12-31", "reportedCurrency": "USD", "grossProfit": "4856000000", "totalRevenue": "47020000000", "costOfRevenue": "35127000000", "costofGoodsAndServicesSold": "14220000000", "operatingIncome": "-7960000000", "sellingGeneralAndAdministrative": "11804000000", "researchAndDevelopment": "None", "operatingExpenses": "12816000000", "investmentIncomeNet": "None", "netInterestIncome": "8620000000", "interestIncome": "12084000000", "interestExpense": "3464000000", "nonInterestIncome": "34936000000", "otherNonOperatingIncome": "None", "depreciation": "None", "depreciationAndAmortization": "49000000", "incomeBeforeTax": "8429000000", "incomeTaxExpense": "1670000000", "interestAndDebtExpense": "3464000000", "netIncomeFromContinuingOperations": "6759000000", "comprehensiveIncomeNetOfTax": "6619000000", "ebit": "11893000000", "ebitda": "11942000000", "netIncome": "6759000000"}, {"fiscalDateEnding": "2018-12-31", "reportedCurrency": "USD", "grossProfit": "5870000000", "totalRevenue": "43281000000", "costOfRevenue": "32216000000", "costofGoodsAndServicesSold": "12771000000", "operatingIncome": "-6891000000", "sellingGeneralAndAdministrative": "11058000000", "researchAndDevelopment": "None", "operatingExpenses": "12761000000", "investmentIncomeNet": "None", "netInterestIncome": "7663000000", "interestIncome": "10606000000", "interestExpense": "2943000000", "nonInterestIncome": "32675000000", "otherNonOperatingIncome": "None", "depreciation": "None", "depreciationAndAmortization": "212000000", "incomeBeforeTax": "8122000000", "incomeTaxExpense": "1201000000", "interestAndDebtExpense": "2943000000", "netIncomeFromContinuingOperations": "6921000000", "comprehensiveIncomeNetOfTax": "6752000000", "ebit": "11065000000", "ebitda": "11277000000", "netIncome": "6921000000"}, {"fiscalDateEnding": "2017-12-31", "reportedCurrency": "USD", "grossProfit": "5772000000", "totalRevenue": "38990000000", "costOfRevenue": "26057000000", "costofGoodsAndServicesSold": "10858000000", "operatingIncome": "-8943000000", "sellingGeneralAndAdministrative": "12991000000", "researchAndDevelopment": "None", "operatingExpenses": "14715000000", "investmentIncomeNet": "None", "netInterestIncome": "6451000000", "interestIncome": "8563000000", "interestExpense": "2112000000", "nonInterestIncome": "30427000000", "otherNonOperatingIncome": "None", "depreciation": "None", "depreciationAndAmortization": "207000000", "incomeBeforeTax": "7425000000", "incomeTaxExpense": "4677000000", "interestAndDebtExpense": "2112000000", "netIncomeFromContinuingOperations": "2736000000", "comprehensiveIncomeNetOfTax": "3104000000", "ebit": "9537000000", "ebitda": "9744000000", "netIncome": "2748000000"}, {"fiscalDateEnding": "2016-12-31", "reportedCurrency": "USD", "grossProfit": "6070000000", "totalRevenue": "37143000000", "costOfRevenue": "24023000000", "costofGoodsAndServicesSold": "9508000000", "operatingIncome": "-3263000000", "sellingGeneralAndAdministrative": "7568000000", "researchAndDevelopment": "None", "operatingExpenses": "9333000000", "investmentIncomeNet": "None", "netInterestIncome": "5779000000", "interestIncome": "7484000000", "interestExpense": "1705000000", "nonInterestIncome": "29659000000", "otherNonOperatingIncome": "None", "depreciation": "None", "depreciationAndAmortization": "194000000", "incomeBeforeTax": "8042000000", "incomeTaxExpense": "2667000000", "interestAndDebtExpense": "1704000000", "netIncomeFromContinuingOperations": "5408000000", "comprehensiveIncomeNetOfTax": "5125000000", "ebit": "9747000000", "ebitda": "9941000000", "netIncome": "5375000000"}], "quarterlyReports": [{"fiscalDateEnding": "2021-09-30", "reportedCurrency": "USD", "grossProfit": "2641000000", "totalRevenue": "11235000000", "costOfRevenue": "8478000000", "costofGoodsAndServicesSold": "3708000000", "operatingIncome": "-204000000", "sellingGeneralAndAdministrative": "2845000000", "researchAndDevelopment": "None", "operatingExpenses": "2845000000", "investmentIncomeNet": "None", "netInterestIncome": "1994000000", "interestIncome": "2301000000", "interestExpense": "307000000", "nonInterestIncome": "8934000000", "otherNonOperatingIncome": "None", "depreciation": "None", "depreciationAndAmortization": "442000000", "incomeBeforeTax": "2450000000", "incomeTaxExpense": "624000000", "interestAndDebtExpense": "307000000", "netIncomeFromContinuingOperations": "1826000000", "comprehensiveIncomeNetOfTax": "1744000000", "ebit": "2757000000", "ebitda": "3199000000", "netIncome": "1826000000"}, {"fiscalDateEnding": "2021-06-30", "reportedCurrency": "USD", "grossProfit": "3546000000", "totalRevenue": "10565000000", "costOfRevenue": "7303000000", "costofGoodsAndServicesSold": "3257000000", "operatingIncome": "869000000", "sellingGeneralAndAdministrative": "2677000000", "researchAndDevelopment": "None", "operatingExpenses": "2677000000", "investmentIncomeNet": "None", "netInterestIncome": "1818000000", "interestIncome": "2140000000", "interestExpense": "322000000", "nonInterestIncome": "8425000000", "otherNonOperatingIncome": "None", "depreciation": "None", "depreciationAndAmortization": "412000000", "incomeBeforeTax": "2940000000", "incomeTaxExpense": "660000000", "interestAndDebtExpense": "322000000", "netIncomeFromContinuingOperations": "2280000000", "comprehensiveIncomeNetOfTax": "2297000000", "ebit": "3262000000", "ebitda": "3674000000", "netIncome": "2280000000"}, {"fiscalDateEnding": "2021-03-31", "reportedCurrency": "USD", "grossProfit": "3668000000", "totalRevenue": "9426000000", "costOfRevenue": "6071000000", "costofGoodsAndServicesSold": "2694000000", "operatingIncome": "1499000000", "sellingGeneralAndAdministrative": "2169000000", "researchAndDevelopment": "None", "operatingExpenses": "2169000000", "investmentIncomeNet": "None", "netInterestIncome": "1830000000", "interestIncome": "2192000000", "interestExpense": "362000000", "nonInterestIncome": "7234000000", "otherNonOperatingIncome": "None", "depreciation": "None", "depreciationAndAmortization": "422000000", "incomeBeforeTax": "2993000000", "incomeTaxExpense": "758000000", "interestAndDebtExpense": "362000000", "netIncomeFromContinuingOperations": "2235000000", "comprehensiveIncomeNetOfTax": "2232000000", "ebit": "3355000000", "ebitda": "3777000000", "netIncome": "2235000000"}, {"fiscalDateEnding": "2020-12-31", "reportedCurrency": "USD", "grossProfit": "1969000000", "totalRevenue": "9741000000", "costOfRevenue": "7493000000", "costofGoodsAndServicesSold": "2758000000", "operatingIncome": "-465000000", "sellingGeneralAndAdministrative": "3449000000", "researchAndDevelopment": "None", "operatingExpenses": "2433000000", "investmentIncomeNet": "None", "netInterestIncome": "1897000000", "interestIncome": "2287000000", "interestExpense": "390000000", "nonInterestIncome": "7454000000", "otherNonOperatingIncome": "None", "depreciation": "None", "depreciationAndAmortization": "428000000", "incomeBeforeTax": "1858000000", "incomeTaxExpense": "420000000", "interestAndDebtExpense": "390000000", "netIncomeFromContinuingOperations": "1858000000", "comprehensiveIncomeNetOfTax": "1415000000", "ebit": "2248000000", "ebitda": "2676000000", "netIncome": "1438000000"}, {"fiscalDateEnding": "2020-09-30", "reportedCurrency": "USD", "grossProfit": "699000000", "totalRevenue": "9201000000", "costOfRevenue": "7387000000", "costofGoodsAndServicesSold": "2465000000", "operatingIncome": "-2238000000", "sellingGeneralAndAdministrative": "2820000000", "researchAndDevelopment": "None", "operatingExpenses": "2937000000", "investmentIncomeNet": "None", "netInterestIncome": "1874000000", "interestIncome": "2324000000", "interestExpense": "450000000", "nonInterestIncome": "6877000000", "otherNonOperatingIncome": "None", "depreciation": "None", "depreciationAndAmortization": "404000000", "incomeBeforeTax": "1364000000", "incomeTaxExpense": "291000000", "interestAndDebtExpense": "450000000", "netIncomeFromContinuingOperations": "1073000000", "comprehensiveIncomeNetOfTax": "1112000000", "ebit": "1814000000", "ebitda": "2218000000", "netIncome": "1073000000"}, {"fiscalDateEnding": "2020-06-30", "reportedCurrency": "USD", "grossProfit": "-933000000", "totalRevenue": "8217000000", "costOfRevenue": "7053000000", "costofGoodsAndServicesSold": "1817000000", "operatingIncome": "-3620000000", "sellingGeneralAndAdministrative": "2332000000", "researchAndDevelopment": "None", "operatingExpenses": "2687000000", "investmentIncomeNet": "None", "netInterestIncome": "1884000000", "interestIncome": "2426000000", "interestExpense": "542000000", "nonInterestIncome": "5791000000", "otherNonOperatingIncome": "None", "depreciation": "None", "depreciationAndAmortization": "374000000", "incomeBeforeTax": "622000000", "incomeTaxExpense": "365000000", "interestAndDebtExpense": "542000000", "netIncomeFromContinuingOperations": "257000000", "comprehensiveIncomeNetOfTax": "342000000", "ebit": "1164000000", "ebitda": "None", "netIncome": "257000000"}, {"fiscalDateEnding": "2020-03-31", "reportedCurrency": "USD", "grossProfit": "-2169000000", "totalRevenue": "11026000000", "costOfRevenue": "9858000000", "costofGoodsAndServicesSold": "3174000000", "operatingIncome": "-5459000000", "sellingGeneralAndAdministrative": "2693000000", "researchAndDevelopment": "None", "operatingExpenses": "3290000000", "investmentIncomeNet": "None", "netInterestIncome": "2330000000", "interestIncome": "3046000000", "interestExpense": "716000000", "nonInterestIncome": "7980000000", "otherNonOperatingIncome": "None", "depreciation": "None", "depreciationAndAmortization": "337000000", "incomeBeforeTax": "452000000", "incomeTaxExpense": "85000000", "interestAndDebtExpense": "716000000", "netIncomeFromContinuingOperations": "367000000", "comprehensiveIncomeNetOfTax": "108000000", "ebit": "1168000000", "ebitda": "None", "netIncome": "367000000"}, {"fiscalDateEnding": "2019-12-31", "reportedCurrency": "USD", "grossProfit": "962000000", "totalRevenue": "12166000000", "costOfRevenue": "9379000000", "costofGoodsAndServicesSold": "3626000000", "operatingIncome": "-2909000000", "sellingGeneralAndAdministrative": "3574000000", "researchAndDevelopment": "None", "operatingExpenses": "3871000000", "investmentIncomeNet": "None", "netInterestIncome": "2284000000", "interestIncome": "3085000000", "interestExpense": "801000000", "nonInterestIncome": "9081000000", "otherNonOperatingIncome": "None", "depreciation": "None", "depreciationAndAmortization": "305000000", "incomeBeforeTax": "1986000000", "incomeTaxExpense": "293000000", "interestAndDebtExpense": "801000000", "netIncomeFromContinuingOperations": "1986000000", "comprehensiveIncomeNetOfTax": "1617000000", "ebit": "2787000000", "ebitda": "None", "netIncome": "1693000000"}, {"fiscalDateEnding": "2019-09-30", "reportedCurrency": "USD", "grossProfit": "1387000000", "totalRevenue": "11866000000", "costOfRevenue": "8723000000", "costofGoodsAndServicesSold": "3573000000", "operatingIncome": "-1704000000", "sellingGeneralAndAdministrative": "2853000000", "researchAndDevelopment": "None", "operatingExpenses": "3091000000", "investmentIncomeNet": "None", "netInterestIncome": "2203000000", "interestIncome": "3080000000", "interestExpense": "877000000", "nonInterestIncome": "8786000000", "otherNonOperatingIncome": "None", "depreciation": "None", "depreciationAndAmortization": "300000000", "incomeBeforeTax": "2266000000", "incomeTaxExpense": "511000000", "interestAndDebtExpense": "877000000", "netIncomeFromContinuingOperations": "1755000000", "comprehensiveIncomeNetOfTax": "1700000000", "ebit": "3143000000", "ebitda": "None", "netIncome": "1755000000"}, {"fiscalDateEnding": "2019-06-30", "reportedCurrency": "USD", "grossProfit": "1358000000", "totalRevenue": "11729000000", "costOfRevenue": "8619000000", "costofGoodsAndServicesSold": "3621000000", "operatingIncome": "-1668000000", "sellingGeneralAndAdministrative": "2802000000", "researchAndDevelopment": "None", "operatingExpenses": "3026000000", "investmentIncomeNet": "None", "netInterestIncome": "2074000000", "interestIncome": "2965000000", "interestExpense": "891000000", "nonInterestIncome": "8764000000", "otherNonOperatingIncome": "None", "depreciation": "None", "depreciationAndAmortization": "286000000", "incomeBeforeTax": "2219000000", "incomeTaxExpense": "458000000", "interestAndDebtExpense": "891000000", "netIncomeFromContinuingOperations": "1761000000", "comprehensiveIncomeNetOfTax": "1754000000", "ebit": "3110000000", "ebitda": "None", "netIncome": "1761000000"}, {"fiscalDateEnding": "2019-03-31", "reportedCurrency": "USD", "grossProfit": "1149000000", "totalRevenue": "11259000000", "costOfRevenue": "8406000000", "costofGoodsAndServicesSold": "3001000000", "operatingIncome": "-1679000000", "sellingGeneralAndAdministrative": "2575000000", "researchAndDevelopment": "None", "operatingExpenses": "2828000000", "investmentIncomeNet": "None", "netInterestIncome": "2059000000", "interestIncome": "2954000000", "interestExpense": "895000000", "nonInterestIncome": "8305000000", "otherNonOperatingIncome": "None", "depreciation": "None", "depreciationAndAmortization": "297000000", "incomeBeforeTax": "1958000000", "incomeTaxExpense": "408000000", "interestAndDebtExpense": "895000000", "netIncomeFromContinuingOperations": "1550000000", "comprehensiveIncomeNetOfTax": "1548000000", "ebit": "2853000000", "ebitda": "None", "netIncome": "1550000000"}, {"fiscalDateEnding": "2018-12-31", "reportedCurrency": "USD", "grossProfit": "1124000000", "totalRevenue": "11308000000", "costOfRevenue": "8643000000", "costofGoodsAndServicesSold": "3011000000", "operatingIncome": "617000000", "sellingGeneralAndAdministrative": "-495000000", "researchAndDevelopment": "None", "operatingExpenses": "507000000", "investmentIncomeNet": "None", "netInterestIncome": "2032000000", "interestIncome": "2866000000", "interestExpense": "834000000", "nonInterestIncome": "8442000000", "otherNonOperatingIncome": "None", "depreciation": "None", "depreciationAndAmortization": "286000000", "incomeBeforeTax": "1831000000", "incomeTaxExpense": "-179000000", "interestAndDebtExpense": "834000000", "netIncomeFromContinuingOperations": "1831000000", "comprehensiveIncomeNetOfTax": "1917000000", "ebit": "2665000000", "ebitda": "None", "netIncome": "2010000000"}, {"fiscalDateEnding": "2018-09-30", "reportedCurrency": "USD", "grossProfit": "1573000000", "totalRevenue": "10921000000", "costOfRevenue": "8026000000", "costofGoodsAndServicesSold": "2857000000", "operatingIncome": "-2611000000", "sellingGeneralAndAdministrative": "3970000000", "researchAndDevelopment": "None", "operatingExpenses": "4184000000", "investmentIncomeNet": "None", "netInterestIncome": "1961000000", "interestIncome": "2738000000", "interestExpense": "777000000", "nonInterestIncome": "8183000000", "otherNonOperatingIncome": "None", "depreciation": "None", "depreciationAndAmortization": "322000000", "incomeBeforeTax": "2118000000", "incomeTaxExpense": "464000000", "interestAndDebtExpense": "777000000", "netIncomeFromContinuingOperations": "1654000000", "comprehensiveIncomeNetOfTax": "1633000000", "ebit": "2895000000", "ebitda": "None", "netIncome": "1654000000"}, {"fiscalDateEnding": "2018-06-30", "reportedCurrency": "USD", "grossProfit": "1568000000", "totalRevenue": "10713000000", "costOfRevenue": "7911000000", "costofGoodsAndServicesSold": "2849000000", "operatingIncome": "-2612000000", "sellingGeneralAndAdministrative": "3935000000", "researchAndDevelopment": "None", "operatingExpenses": "4180000000", "investmentIncomeNet": "None", "netInterestIncome": "1829000000", "interestIncome": "2540000000", "interestExpense": "711000000", "nonInterestIncome": "8173000000", "otherNonOperatingIncome": "None", "depreciation": "None", "depreciationAndAmortization": "337000000", "incomeBeforeTax": "2091000000", "incomeTaxExpense": "468000000", "interestAndDebtExpense": "711000000", "netIncomeFromContinuingOperations": "1623000000", "comprehensiveIncomeNetOfTax": "1521000000", "ebit": "2802000000", "ebitda": "None", "netIncome": "1623000000"}, {"fiscalDateEnding": "2018-03-31", "reportedCurrency": "USD", "grossProfit": "1307000000", "totalRevenue": "10339000000", "costOfRevenue": "7636000000", "costofGoodsAndServicesSold": "7727000000", "operatingIncome": "-2126000000", "sellingGeneralAndAdministrative": "3191000000", "researchAndDevelopment": "None", "operatingExpenses": "3433000000", "investmentIncomeNet": "None", "netInterestIncome": "1841000000", "interestIncome": "2462000000", "interestExpense": "621000000", "nonInterestIncome": "7877000000", "otherNonOperatingIncome": "None", "depreciation": "None", "depreciationAndAmortization": "348000000", "incomeBeforeTax": "2082000000", "incomeTaxExpense": "448000000", "interestAndDebtExpense": "621000000", "netIncomeFromContinuingOperations": "1634000000", "comprehensiveIncomeNetOfTax": "1681000000", "ebit": "2703000000", "ebitda": "None", "netIncome": "1634000000"}, {"fiscalDateEnding": "2017-12-31", "reportedCurrency": "USD", "grossProfit": "2105000000", "totalRevenue": "10287000000", "costOfRevenue": "7018000000", "costofGoodsAndServicesSold": "7878000000", "operatingIncome": "-6664000000", "sellingGeneralAndAdministrative": "7635000000", "researchAndDevelopment": "None", "operatingExpenses": "8769000000", "investmentIncomeNet": "None", "netInterestIncome": "1739000000", "interestIncome": "2319000000", "interestExpense": "580000000", "nonInterestIncome": "7968000000", "otherNonOperatingIncome": "None", "depreciation": "None", "depreciationAndAmortization": "368000000", "incomeBeforeTax": "1798000000", "incomeTaxExpense": "3004000000", "interestAndDebtExpense": "580000000", "netIncomeFromContinuingOperations": "-1197000000", "comprehensiveIncomeNetOfTax": "-1318000000", "ebit": "2378000000", "ebitda": "None", "netIncome": "-1206000000"}, {"fiscalDateEnding": "2017-09-30", "reportedCurrency": "USD", "grossProfit": "1058000000", "totalRevenue": "9858000000", "costOfRevenue": "6609000000", "costofGoodsAndServicesSold": "7513000000", "operatingIncome": "-922000000", "sellingGeneralAndAdministrative": "1766000000", "researchAndDevelopment": "None", "operatingExpenses": "1980000000", "investmentIncomeNet": "None", "netInterestIncome": "1677000000", "interestIncome": "2245000000", "interestExpense": "568000000", "nonInterestIncome": "7613000000", "otherNonOperatingIncome": "None", "depreciation": "None", "depreciationAndAmortization": "338000000", "incomeBeforeTax": "1831000000", "incomeTaxExpense": "472000000", "interestAndDebtExpense": "567000000", "netIncomeFromContinuingOperations": "1356000000", "comprehensiveIncomeNetOfTax": "1471000000", "ebit": "2399000000", "ebitda": "None", "netIncome": "1359000000"}, {"fiscalDateEnding": "2017-06-30", "reportedCurrency": "USD", "grossProfit": "1365000000", "totalRevenue": "9693000000", "costOfRevenue": "6358000000", "costofGoodsAndServicesSold": "7244000000", "operatingIncome": "-575000000", "sellingGeneralAndAdministrative": "1777000000", "researchAndDevelopment": "None", "operatingExpenses": "1940000000", "investmentIncomeNet": "None", "netInterestIncome": "1533000000", "interestIncome": "2054000000", "interestExpense": "521000000", "nonInterestIncome": "7639000000", "otherNonOperatingIncome": "None", "depreciation": "None", "depreciationAndAmortization": "319000000", "incomeBeforeTax": "1957000000", "incomeTaxExpense": "613000000", "interestAndDebtExpense": "522000000", "netIncomeFromContinuingOperations": "1340000000", "comprehensiveIncomeNetOfTax": "1386000000", "ebit": "2478000000", "ebitda": "None", "netIncome": "1344000000"}, {"fiscalDateEnding": "2017-03-31", "reportedCurrency": "USD", "grossProfit": "1244000000", "totalRevenue": "9152000000", "costOfRevenue": "6072000000", "costofGoodsAndServicesSold": "6869000000", "operatingIncome": "-771000000", "sellingGeneralAndAdministrative": "1802000000", "researchAndDevelopment": "None", "operatingExpenses": "2015000000", "investmentIncomeNet": "None", "netInterestIncome": "1502000000", "interestIncome": "1945000000", "interestExpense": "443000000", "nonInterestIncome": "7207000000", "otherNonOperatingIncome": "None", "depreciation": "None", "depreciationAndAmortization": "296000000", "incomeBeforeTax": "1839000000", "incomeTaxExpense": "588000000", "interestAndDebtExpense": "443000000", "netIncomeFromContinuingOperations": "1237000000", "comprehensiveIncomeNetOfTax": "1565000000", "ebit": "2282000000", "ebitda": "None", "netIncome": "1251000000"}, {"fiscalDateEnding": "2016-12-31", "reportedCurrency": "USD", "grossProfit": "536000000", "totalRevenue": "8436000000", "costOfRevenue": "6861000000", "costofGoodsAndServicesSold": "7620000000", "operatingIncome": "-2686000000", "sellingGeneralAndAdministrative": "1953000000", "researchAndDevelopment": "None", "operatingExpenses": "3222000000", "investmentIncomeNet": "None", "netInterestIncome": "1416000000", "interestIncome": "1830000000", "interestExpense": "414000000", "nonInterestIncome": "9925000000", "otherNonOperatingIncome": "None", "depreciation": "None", "depreciationAndAmortization": "285000000", "incomeBeforeTax": "1140000000", "incomeTaxExpense": "315000000", "interestAndDebtExpense": "413000000", "netIncomeFromContinuingOperations": "825000000", "comprehensiveIncomeNetOfTax": "626000000", "ebit": "1554000000", "ebitda": "None", "netIncome": "825000000"}]}