{"symbol": "BAC", "annualReports": [{"fiscalDateEnding": "2020-12-31", "reportedCurrency": "USD", "grossProfit": "19750000000", "totalRevenue": "85528000000", "costOfRevenue": "65778000000", "costofGoodsAndServicesSold": "None", "operatingIncome": "974000000", "sellingGeneralAndAdministrative": "17858000000", "researchAndDevelopment": "None", "operatingExpenses": "18776000000", "investmentIncomeNet": "None", "netInterestIncome": "43360000000", "interestIncome": "51585000000", "interestExpense": "8225000000", "nonInterestIncome": "42168000000", "otherNonOperatingIncome": "None", "depreciation": "None", "depreciationAndAmortization": "95000000", "incomeBeforeTax": "18995000000", "incomeTaxExpense": "1101000000", "interestAndDebtExpense": "8225000000", "netIncomeFromContinuingOperations": "17894000000", "comprehensiveIncomeNetOfTax": "22871000000", "ebit": "27220000000", "ebitda": "27315000000", "netIncome": "17894000000"}, {"fiscalDateEnding": "2019-12-31", "reportedCurrency": "USD", "grossProfit": "32754000000", "totalRevenue": "91244000000", "costOfRevenue": "58490000000", "costofGoodsAndServicesSold": "None", "operatingIncome": "13024000000", "sellingGeneralAndAdministrative": "16865000000", "researchAndDevelopment": "None", "operatingExpenses": "19730000000", "investmentIncomeNet": "None", "netInterestIncome": "48891000000", "interestIncome": "71236000000", "interestExpense": "22345000000", "nonInterestIncome": "42353000000", "otherNonOperatingIncome": "None", "depreciation": "None", "depreciationAndAmortization": "112000000", "incomeBeforeTax": "32754000000", "incomeTaxExpense": "5324000000", "interestAndDebtExpense": "22345000000", "netIncomeFromContinuingOperations": "27430000000", "comprehensiveIncomeNetOfTax": "33008000000", "ebit": "55099000000", "ebitda": "55211000000", "netIncome": "27430000000"}, {"fiscalDateEnding": "2018-12-31", "reportedCurrency": "USD", "grossProfit": "34584000000", "totalRevenue": "91020000000", "costOfRevenue": "56663000000", "costofGoodsAndServicesSold": "22619000000", "operatingIncome": "20417000000", "sellingGeneralAndAdministrative": "13160000000", "researchAndDevelopment": "None", "operatingExpenses": "14167000000", "investmentIncomeNet": "None", "netInterestIncome": "48162000000", "interestIncome": "66769000000", "interestExpense": "18607000000", "nonInterestIncome": "42858000000", "otherNonOperatingIncome": "None", "depreciation": "None", "depreciationAndAmortization": "538000000", "incomeBeforeTax": "34584000000", "incomeTaxExpense": "6437000000", "interestAndDebtExpense": "20066000000", "netIncomeFromContinuingOperations": "28147000000", "comprehensiveIncomeNetOfTax": "24231000000", "ebit": "53191000000", "ebitda": "53729000000", "netIncome": "28147000000"}, {"fiscalDateEnding": "2017-12-31", "reportedCurrency": "USD", "grossProfit": "29213000000", "totalRevenue": "87126000000", "costOfRevenue": "58139000000", "costofGoodsAndServicesSold": "16308000000", "operatingIncome": "-15284000000", "sellingGeneralAndAdministrative": "43123000000", "researchAndDevelopment": "None", "operatingExpenses": "44497000000", "investmentIncomeNet": "None", "netInterestIncome": "45239000000", "interestIncome": "57579000000", "interestExpense": "12340000000", "nonInterestIncome": "41887000000", "otherNonOperatingIncome": "None", "depreciation": "None", "depreciationAndAmortization": "621000000", "incomeBeforeTax": "29213000000", "incomeTaxExpense": "10981000000", "interestAndDebtExpense": "12912000000", "netIncomeFromContinuingOperations": "18232000000", "comprehensiveIncomeNetOfTax": "18438000000", "ebit": "41553000000", "ebitda": "42174000000", "netIncome": "18232000000"}, {"fiscalDateEnding": "2016-12-31", "reportedCurrency": "USD", "grossProfit": "25153000000", "totalRevenue": "83701000000", "costOfRevenue": "58548000000", "costofGoodsAndServicesSold": "13558000000", "operatingIncome": "-19858000000", "sellingGeneralAndAdministrative": "43081000000", "researchAndDevelopment": "None", "operatingExpenses": "45011000000", "investmentIncomeNet": "None", "netInterestIncome": "41096000000", "interestIncome": "51057000000", "interestExpense": "9961000000", "nonInterestIncome": "42605000000", "otherNonOperatingIncome": "None", "depreciation": "None", "depreciationAndAmortization": "730000000", "incomeBeforeTax": "25021000000", "incomeTaxExpense": "7199000000", "interestAndDebtExpense": "9961000000", "netIncomeFromContinuingOperations": "17906000000", "comprehensiveIncomeNetOfTax": "15892000000", "ebit": "34982000000", "ebitda": "35712000000", "netIncome": "17822000000"}], "quarterlyReports": [{"fiscalDateEnding": "2021-09-30", "reportedCurrency": "USD", "grossProfit": "8801000000", "totalRevenue": "22766000000", "costOfRevenue": "13965000000", "costofGoodsAndServicesSold": "None", "operatingIncome": "4755000000", "sellingGeneralAndAdministrative": "3961000000", "researchAndDevelopment": "None", "operatingExpenses": "4046000000", "investmentIncomeNet": "None", "netInterestIncome": "11094000000", "interestIncome": "12336000000", "interestExpense": "1242000000", "nonInterestIncome": "11672000000", "otherNonOperatingIncome": "None", "depreciation": "None", "depreciationAndAmortization": "19000000", "incomeBeforeTax": "8950000000", "incomeTaxExpense": "1259000000", "interestAndDebtExpense": "1242000000", "netIncomeFromContinuingOperations": "7691000000", "comprehensiveIncomeNetOfTax": "7158000000", "ebit": "10192000000", "ebitda": "10211000000", "netIncome": "7691000000"}, {"fiscalDateEnding": "2021-06-30", "reportedCurrency": "USD", "grossProfit": "7901000000", "totalRevenue": "21466000000", "costOfRevenue": "13565000000", "costofGoodsAndServicesSold": "None", "operatingIncome": "3383000000", "sellingGeneralAndAdministrative": "4443000000", "researchAndDevelopment": "None", "operatingExpenses": "4518000000", "investmentIncomeNet": "None", "netInterestIncome": "10233000000", "interestIncome": "11387000000", "interestExpense": "1154000000", "nonInterestIncome": "11233000000", "otherNonOperatingIncome": "None", "depreciation": "None", "depreciationAndAmortization": "20000000", "incomeBeforeTax": "8042000000", "incomeTaxExpense": "-1182000000", "interestAndDebtExpense": "1154000000", "netIncomeFromContinuingOperations": "9224000000", "comprehensiveIncomeNetOfTax": "9633000000", "ebit": "9196000000", "ebitda": "9216000000", "netIncome": "9224000000"}, {"fiscalDateEnding": "2021-03-31", "reportedCurrency": "USD", "grossProfit": "9117000000", "totalRevenue": "22821000000", "costOfRevenue": "13704000000", "costofGoodsAndServicesSold": "None", "operatingIncome": "5037000000", "sellingGeneralAndAdministrative": "4029000000", "researchAndDevelopment": "None", "operatingExpenses": "4080000000", "investmentIncomeNet": "None", "netInterestIncome": "10197000000", "interestIncome": "11395000000", "interestExpense": "1198000000", "nonInterestIncome": "12624000000", "otherNonOperatingIncome": "None", "depreciation": "None", "depreciationAndAmortization": "17000000", "incomeBeforeTax": "9166000000", "incomeTaxExpense": "1116000000", "interestAndDebtExpense": "1198000000", "netIncomeFromContinuingOperations": "8050000000", "comprehensiveIncomeNetOfTax": "6234000000", "ebit": "10364000000", "ebitda": "10381000000", "netIncome": "8050000000"}, {"fiscalDateEnding": "2020-12-31", "reportedCurrency": "USD", "grossProfit": "6087000000", "totalRevenue": "20099000000", "costOfRevenue": "14012000000", "costofGoodsAndServicesSold": "None", "operatingIncome": "-357000000", "sellingGeneralAndAdministrative": "6305000000", "researchAndDevelopment": "None", "operatingExpenses": "6444000000", "investmentIncomeNet": "None", "netInterestIncome": "10253000000", "interestIncome": "11461000000", "interestExpense": "1208000000", "nonInterestIncome": "9846000000", "otherNonOperatingIncome": "None", "depreciation": "None", "depreciationAndAmortization": "33000000", "incomeBeforeTax": "6119000000", "incomeTaxExpense": "649000000", "interestAndDebtExpense": "1208000000", "netIncomeFromContinuingOperations": "5470000000", "comprehensiveIncomeNetOfTax": "4792000000", "ebit": "7327000000", "ebitda": "7360000000", "netIncome": "5470000000"}, {"fiscalDateEnding": "2020-09-30", "reportedCurrency": "USD", "grossProfit": "4755000000", "totalRevenue": "20336000000", "costOfRevenue": "15581000000", "costofGoodsAndServicesSold": "None", "operatingIncome": "200000000", "sellingGeneralAndAdministrative": "3889000000", "researchAndDevelopment": "None", "operatingExpenses": "4555000000", "investmentIncomeNet": "None", "netInterestIncome": "10129000000", "interestIncome": "11486000000", "interestExpense": "1357000000", "nonInterestIncome": "10207000000", "otherNonOperatingIncome": "None", "depreciation": "None", "depreciationAndAmortization": "30000000", "incomeBeforeTax": "4546000000", "incomeTaxExpense": "-335000000", "interestAndDebtExpense": "1357000000", "netIncomeFromContinuingOperations": "4881000000", "comprehensiveIncomeNetOfTax": "5065000000", "ebit": "5903000000", "ebitda": "5933000000", "netIncome": "4881000000"}, {"fiscalDateEnding": "2020-06-30", "reportedCurrency": "USD", "grossProfit": "4141000000", "totalRevenue": "22326000000", "costOfRevenue": "18185000000", "costofGoodsAndServicesSold": "None", "operatingIncome": "128000000", "sellingGeneralAndAdministrative": "3940000000", "researchAndDevelopment": "None", "operatingExpenses": "4013000000", "investmentIncomeNet": "None", "netInterestIncome": "10848000000", "interestIncome": "12540000000", "interestExpense": "1692000000", "nonInterestIncome": "11478000000", "otherNonOperatingIncome": "None", "depreciation": "None", "depreciationAndAmortization": "16000000", "incomeBeforeTax": "3799000000", "incomeTaxExpense": "266000000", "interestAndDebtExpense": "1692000000", "netIncomeFromContinuingOperations": "3533000000", "comprehensiveIncomeNetOfTax": "2491000000", "ebit": "5491000000", "ebitda": "5507000000", "netIncome": "3533000000"}, {"fiscalDateEnding": "2020-03-31", "reportedCurrency": "USD", "grossProfit": "4767000000", "totalRevenue": "22767000000", "costOfRevenue": "18000000000", "costofGoodsAndServicesSold": "None", "operatingIncome": "1003000000", "sellingGeneralAndAdministrative": "3724000000", "researchAndDevelopment": "None", "operatingExpenses": "3764000000", "investmentIncomeNet": "None", "netInterestIncome": "12130000000", "interestIncome": "16098000000", "interestExpense": "3968000000", "nonInterestIncome": "10637000000", "otherNonOperatingIncome": "None", "depreciation": "None", "depreciationAndAmortization": "16000000", "incomeBeforeTax": "4531000000", "incomeTaxExpense": "521000000", "interestAndDebtExpense": "3968000000", "netIncomeFromContinuingOperations": "4010000000", "comprehensiveIncomeNetOfTax": "10523000000", "ebit": "8499000000", "ebitda": "8515000000", "netIncome": "4010000000"}, {"fiscalDateEnding": "2019-12-31", "reportedCurrency": "USD", "grossProfit": "8169000000", "totalRevenue": "22349000000", "costOfRevenue": "14180000000", "costofGoodsAndServicesSold": "None", "operatingIncome": "2091000000", "sellingGeneralAndAdministrative": "5908000000", "researchAndDevelopment": "None", "operatingExpenses": "6078000000", "investmentIncomeNet": "None", "netInterestIncome": "12140000000", "interestIncome": "16926000000", "interestExpense": "4786000000", "nonInterestIncome": "10209000000", "otherNonOperatingIncome": "None", "depreciation": "None", "depreciationAndAmortization": "28000000", "incomeBeforeTax": "8169000000", "incomeTaxExpense": "1175000000", "interestAndDebtExpense": "4786000000", "netIncomeFromContinuingOperations": "6994000000", "comprehensiveIncomeNetOfTax": "5978000000", "ebit": "12955000000", "ebitda": "12983000000", "netIncome": "6994000000"}, {"fiscalDateEnding": "2019-09-30", "reportedCurrency": "USD", "grossProfit": "6859000000", "totalRevenue": "22807000000", "costOfRevenue": "15948000000", "costofGoodsAndServicesSold": "None", "operatingIncome": "2826000000", "sellingGeneralAndAdministrative": "3652000000", "researchAndDevelopment": "None", "operatingExpenses": "4033000000", "investmentIncomeNet": "None", "netInterestIncome": "12187000000", "interestIncome": "17916000000", "interestExpense": "5729000000", "nonInterestIncome": "10620000000", "otherNonOperatingIncome": "None", "depreciation": "None", "depreciationAndAmortization": "29000000", "incomeBeforeTax": "6859000000", "incomeTaxExpense": "1082000000", "interestAndDebtExpense": "5729000000", "netIncomeFromContinuingOperations": "5777000000", "comprehensiveIncomeNetOfTax": "7637000000", "ebit": "12588000000", "ebitda": "12617000000", "netIncome": "5777000000"}, {"fiscalDateEnding": "2019-06-30", "reportedCurrency": "USD", "grossProfit": "8959000000", "totalRevenue": "23084000000", "costOfRevenue": "14125000000", "costofGoodsAndServicesSold": "None", "operatingIncome": "5082000000", "sellingGeneralAndAdministrative": "3734000000", "researchAndDevelopment": "None", "operatingExpenses": "3877000000", "investmentIncomeNet": "None", "netInterestIncome": "12189000000", "interestIncome": "18224000000", "interestExpense": "6035000000", "nonInterestIncome": "10895000000", "otherNonOperatingIncome": "None", "depreciation": "None", "depreciationAndAmortization": "29000000", "incomeBeforeTax": "8959000000", "incomeTaxExpense": "1611000000", "interestAndDebtExpense": "6035000000", "netIncomeFromContinuingOperations": "7348000000", "comprehensiveIncomeNetOfTax": "9913000000", "ebit": "14994000000", "ebitda": "15023000000", "netIncome": "7348000000"}, {"fiscalDateEnding": "2019-03-31", "reportedCurrency": "USD", "grossProfit": "8767000000", "totalRevenue": "23004000000", "costOfRevenue": "14237000000", "costofGoodsAndServicesSold": "None", "operatingIncome": "5097000000", "sellingGeneralAndAdministrative": "3571000000", "researchAndDevelopment": "None", "operatingExpenses": "3670000000", "investmentIncomeNet": "None", "netInterestIncome": "12375000000", "interestIncome": "18170000000", "interestExpense": "5795000000", "nonInterestIncome": "10629000000", "otherNonOperatingIncome": "None", "depreciation": "None", "depreciationAndAmortization": "26000000", "incomeBeforeTax": "8767000000", "incomeTaxExpense": "1456000000", "interestAndDebtExpense": "5795000000", "netIncomeFromContinuingOperations": "7311000000", "comprehensiveIncomeNetOfTax": "9480000000", "ebit": "14562000000", "ebitda": "14588000000", "netIncome": "7311000000"}, {"fiscalDateEnding": "2018-12-31", "reportedCurrency": "USD", "grossProfit": "8698000000", "totalRevenue": "22677000000", "costOfRevenue": "14038000000", "costofGoodsAndServicesSold": "6437000000", "operatingIncome": "27723000000", "sellingGeneralAndAdministrative": "-19336000000", "researchAndDevelopment": "None", "operatingExpenses": "-19025000000", "investmentIncomeNet": "None", "netInterestIncome": "12504000000", "interestIncome": "17836000000", "interestExpense": "5332000000", "nonInterestIncome": "10173000000", "otherNonOperatingIncome": "None", "depreciation": "None", "depreciationAndAmortization": "134000000", "incomeBeforeTax": "8698000000", "incomeTaxExpense": "1420000000", "interestAndDebtExpense": "6261000000", "netIncomeFromContinuingOperations": "7278000000", "comprehensiveIncomeNetOfTax": "9903000000", "ebit": "14030000000", "ebitda": "14164000000", "netIncome": "7278000000"}, {"fiscalDateEnding": "2018-09-30", "reportedCurrency": "USD", "grossProfit": "8994000000", "totalRevenue": "22724000000", "costOfRevenue": "13783000000", "costofGoodsAndServicesSold": "5811000000", "operatingIncome": "-1790000000", "sellingGeneralAndAdministrative": "10560000000", "researchAndDevelopment": "None", "operatingExpenses": "10784000000", "investmentIncomeNet": "None", "netInterestIncome": "12061000000", "interestIncome": "16965000000", "interestExpense": "4904000000", "nonInterestIncome": "10663000000", "otherNonOperatingIncome": "None", "depreciation": "None", "depreciationAndAmortization": "134000000", "incomeBeforeTax": "8994000000", "incomeTaxExpense": "1827000000", "interestAndDebtExpense": "5095000000", "netIncomeFromContinuingOperations": "7167000000", "comprehensiveIncomeNetOfTax": "5664000000", "ebit": "13898000000", "ebitda": "14032000000", "netIncome": "7167000000"}, {"fiscalDateEnding": "2018-06-30", "reportedCurrency": "USD", "grossProfit": "8498000000", "totalRevenue": "22549000000", "costOfRevenue": "14111000000", "costofGoodsAndServicesSold": "5546000000", "operatingIncome": "-2446000000", "sellingGeneralAndAdministrative": "10723000000", "researchAndDevelopment": "None", "operatingExpenses": "10944000000", "investmentIncomeNet": "None", "netInterestIncome": "11828000000", "interestIncome": "16369000000", "interestExpense": "4541000000", "nonInterestIncome": "10721000000", "otherNonOperatingIncome": "None", "depreciation": "None", "depreciationAndAmortization": "135000000", "incomeBeforeTax": "8498000000", "incomeTaxExpense": "1714000000", "interestAndDebtExpense": "4719000000", "netIncomeFromContinuingOperations": "6784000000", "comprehensiveIncomeNetOfTax": "5729000000", "ebit": "13039000000", "ebitda": "13174000000", "netIncome": "6784000000"}, {"fiscalDateEnding": "2018-03-31", "reportedCurrency": "USD", "grossProfit": "8394000000", "totalRevenue": "23070000000", "costOfRevenue": "14731000000", "costofGoodsAndServicesSold": "4825000000", "operatingIncome": "-3070000000", "sellingGeneralAndAdministrative": "11213000000", "researchAndDevelopment": "None", "operatingExpenses": "11464000000", "investmentIncomeNet": "None", "netInterestIncome": "11769000000", "interestIncome": "15599000000", "interestExpense": "3830000000", "nonInterestIncome": "11301000000", "otherNonOperatingIncome": "None", "depreciation": "None", "depreciationAndAmortization": "135000000", "incomeBeforeTax": "8394000000", "incomeTaxExpense": "1476000000", "interestAndDebtExpense": "3991000000", "netIncomeFromContinuingOperations": "6918000000", "comprehensiveIncomeNetOfTax": "2935000000", "ebit": "12224000000", "ebitda": "12359000000", "netIncome": "6918000000"}, {"fiscalDateEnding": "2017-12-31", "reportedCurrency": "USD", "grossProfit": "6405000000", "totalRevenue": "20210000000", "costOfRevenue": "14031000000", "costofGoodsAndServicesSold": "4605000000", "operatingIncome": "-4126000000", "sellingGeneralAndAdministrative": "10236000000", "researchAndDevelopment": "None", "operatingExpenses": "10531000000", "investmentIncomeNet": "None", "netInterestIncome": "12034000000", "interestIncome": "15066000000", "interestExpense": "3032000000", "nonInterestIncome": "8176000000", "otherNonOperatingIncome": "None", "depreciation": "None", "depreciationAndAmortization": "148000000", "incomeBeforeTax": "6161000000", "incomeTaxExpense": "3796000000", "interestAndDebtExpense": "3604000000", "netIncomeFromContinuingOperations": "2520000000", "comprehensiveIncomeNetOfTax": "1451000000", "ebit": "9193000000", "ebitda": "9341000000", "netIncome": "2365000000"}, {"fiscalDateEnding": "2017-09-30", "reportedCurrency": "USD", "grossProfit": "7866000000", "totalRevenue": "21839000000", "costOfRevenue": "13973000000", "costofGoodsAndServicesSold": "4330000000", "operatingIncome": "-2791000000", "sellingGeneralAndAdministrative": "10366000000", "researchAndDevelopment": "None", "operatingExpenses": "10657000000", "investmentIncomeNet": "None", "netInterestIncome": "11161000000", "interestIncome": "14657000000", "interestExpense": "3496000000", "nonInterestIncome": "10678000000", "otherNonOperatingIncome": "None", "depreciation": "None", "depreciationAndAmortization": "151000000", "incomeBeforeTax": "7611000000", "incomeTaxExpense": "2187000000", "interestAndDebtExpense": "3496000000", "netIncomeFromContinuingOperations": "5587000000", "comprehensiveIncomeNetOfTax": "5861000000", "ebit": "11107000000", "ebitda": "11258000000", "netIncome": "5424000000"}, {"fiscalDateEnding": "2017-06-30", "reportedCurrency": "USD", "grossProfit": "8377000000", "totalRevenue": "22829000000", "costOfRevenue": "14452000000", "costofGoodsAndServicesSold": "3886000000", "operatingIncome": "-2565000000", "sellingGeneralAndAdministrative": "10590000000", "researchAndDevelopment": "None", "operatingExpenses": "10942000000", "investmentIncomeNet": "None", "netInterestIncome": "10986000000", "interestIncome": "14146000000", "interestExpense": "3160000000", "nonInterestIncome": "11843000000", "otherNonOperatingIncome": "None", "depreciation": "None", "depreciationAndAmortization": "160000000", "incomeBeforeTax": "8121000000", "incomeTaxExpense": "3015000000", "interestAndDebtExpense": "3160000000", "netIncomeFromContinuingOperations": "5269000000", "comprehensiveIncomeNetOfTax": "5817000000", "ebit": "11281000000", "ebitda": "11441000000", "netIncome": "5106000000"}, {"fiscalDateEnding": "2017-03-31", "reportedCurrency": "USD", "grossProfit": "6565000000", "totalRevenue": "22248000000", "costOfRevenue": "15683000000", "costofGoodsAndServicesSold": "3487000000", "operatingIncome": "-5802000000", "sellingGeneralAndAdministrative": "11931000000", "researchAndDevelopment": "None", "operatingExpenses": "12367000000", "investmentIncomeNet": "None", "netInterestIncome": "11058000000", "interestIncome": "13710000000", "interestExpense": "2652000000", "nonInterestIncome": "11190000000", "otherNonOperatingIncome": "None", "depreciation": "None", "depreciationAndAmortization": "162000000", "incomeBeforeTax": "7320000000", "incomeTaxExpense": "1983000000", "interestAndDebtExpense": "2652000000", "netIncomeFromContinuingOperations": "4856000000", "comprehensiveIncomeNetOfTax": "5309000000", "ebit": "9972000000", "ebitda": "10134000000", "netIncome": "5337000000"}, {"fiscalDateEnding": "2016-12-31", "reportedCurrency": "USD", "grossProfit": "6055000000", "totalRevenue": "19990000000", "costOfRevenue": "13935000000", "costofGoodsAndServicesSold": "3347000000", "operatingIncome": "-4680000000", "sellingGeneralAndAdministrative": "10267000000", "researchAndDevelopment": "None", "operatingExpenses": "10735000000", "investmentIncomeNet": "None", "netInterestIncome": "10292000000", "interestIncome": "12865000000", "interestExpense": "2573000000", "nonInterestIncome": "9698000000", "otherNonOperatingIncome": "None", "depreciation": "None", "depreciationAndAmortization": "176000000", "incomeBeforeTax": "5923000000", "incomeTaxExpense": "1311000000", "interestAndDebtExpense": "2573000000", "netIncomeFromContinuingOperations": "4696000000", "comprehensiveIncomeNetOfTax": "-975000000", "ebit": "8496000000", "ebitda": "8672000000", "netIncome": "4612000000"}]}