{"symbol": "BBY", "annualReports": [{"fiscalDateEnding": "2021-01-30", "reportedCurrency": "USD", "grossProfit": "10573000000", "totalRevenue": "47262000000", "costOfRevenue": "36689000000", "costofGoodsAndServicesSold": "36689000000", "operatingIncome": "2391000000", "sellingGeneralAndAdministrative": "7928000000", "researchAndDevelopment": "None", "operatingExpenses": "8275000000", "investmentIncomeNet": "37000000", "netInterestIncome": "-52000000", "interestIncome": "None", "interestExpense": "52000000", "nonInterestIncome": "47262000000", "otherNonOperatingIncome": "None", "depreciation": "759000000", "depreciationAndAmortization": "93000000", "incomeBeforeTax": "2377000000", "incomeTaxExpense": "579000000", "interestAndDebtExpense": "52000000", "netIncomeFromContinuingOperations": "1798000000", "comprehensiveIncomeNetOfTax": "1831000000", "ebit": "2429000000", "ebitda": "2522000000", "netIncome": "1798000000"}, {"fiscalDateEnding": "2020-02-01", "reportedCurrency": "USD", "grossProfit": "10048000000", "totalRevenue": "43638000000", "costOfRevenue": "33590000000", "costofGoodsAndServicesSold": "33590000000", "operatingIncome": "2009000000", "sellingGeneralAndAdministrative": "7998000000", "researchAndDevelopment": "None", "operatingExpenses": "8124000000", "investmentIncomeNet": "47000000", "netInterestIncome": "-64000000", "interestIncome": "None", "interestExpense": "64000000", "nonInterestIncome": "43638000000", "otherNonOperatingIncome": "None", "depreciation": "740000000", "depreciationAndAmortization": "85000000", "incomeBeforeTax": "1993000000", "incomeTaxExpense": "452000000", "interestAndDebtExpense": "64000000", "netIncomeFromContinuingOperations": "1541000000", "comprehensiveIncomeNetOfTax": "1542000000", "ebit": "2057000000", "ebitda": "2142000000", "netIncome": "1541000000"}, {"fiscalDateEnding": "2019-02-02", "reportedCurrency": "USD", "grossProfit": "9961000000", "totalRevenue": "42879000000", "costOfRevenue": "32918000000", "costofGoodsAndServicesSold": "32918000000", "operatingIncome": "1900000000", "sellingGeneralAndAdministrative": "8015000000", "researchAndDevelopment": "None", "operatingExpenses": "8084000000", "investmentIncomeNet": "49000000", "netInterestIncome": "-73000000", "interestIncome": "None", "interestExpense": "73000000", "nonInterestIncome": "42879000000", "otherNonOperatingIncome": "None", "depreciation": "747000000", "depreciationAndAmortization": "23000000", "incomeBeforeTax": "1888000000", "incomeTaxExpense": "424000000", "interestAndDebtExpense": "73000000", "netIncomeFromContinuingOperations": "1464000000", "comprehensiveIncomeNetOfTax": "1444000000", "ebit": "1961000000", "ebitda": "1984000000", "netIncome": "1464000000"}, {"fiscalDateEnding": "2018-02-03", "reportedCurrency": "USD", "grossProfit": "9876000000", "totalRevenue": "42151000000", "costOfRevenue": "32275000000", "costofGoodsAndServicesSold": "32275000000", "operatingIncome": "1843000000", "sellingGeneralAndAdministrative": "8023000000", "researchAndDevelopment": "None", "operatingExpenses": "8033000000", "investmentIncomeNet": "48000000", "netInterestIncome": "-75000000", "interestIncome": "None", "interestExpense": "75000000", "nonInterestIncome": "42151000000", "otherNonOperatingIncome": "None", "depreciation": "683000000", "depreciationAndAmortization": "None", "incomeBeforeTax": "1818000000", "incomeTaxExpense": "818000000", "interestAndDebtExpense": "75000000", "netIncomeFromContinuingOperations": "999000000", "comprehensiveIncomeNetOfTax": "1035000000", "ebit": "1893000000", "ebitda": "None", "netIncome": "1000000000"}, {"fiscalDateEnding": "2017-01-28", "reportedCurrency": "USD", "grossProfit": "9440000000", "totalRevenue": "39403000000", "costOfRevenue": "29963000000", "costofGoodsAndServicesSold": "29963000000", "operatingIncome": "1854000000", "sellingGeneralAndAdministrative": "7547000000", "researchAndDevelopment": "None", "operatingExpenses": "7586000000", "investmentIncomeNet": "31000000", "netInterestIncome": "-72000000", "interestIncome": "None", "interestExpense": "72000000", "nonInterestIncome": "3000000", "otherNonOperatingIncome": "None", "depreciation": "654000000", "depreciationAndAmortization": "None", "incomeBeforeTax": "1837000000", "incomeTaxExpense": "609000000", "interestAndDebtExpense": "72000000", "netIncomeFromContinuingOperations": "1207000000", "comprehensiveIncomeNetOfTax": "1236000000", "ebit": "1909000000", "ebitda": "None", "netIncome": "1228000000"}], "quarterlyReports": [{"fiscalDateEnding": "2021-07-31", "reportedCurrency": "USD", "grossProfit": "2810000000", "totalRevenue": "11849000000", "costOfRevenue": "9039000000", "costofGoodsAndServicesSold": "9039000000", "operatingIncome": "797000000", "sellingGeneralAndAdministrative": "2009000000", "researchAndDevelopment": "None", "operatingExpenses": "2033000000", "investmentIncomeNet": "3000000", "netInterestIncome": "-6000000", "interestIncome": "None", "interestExpense": "6000000", "nonInterestIncome": "11849000000", "otherNonOperatingIncome": "None", "depreciation": "None", "depreciationAndAmortization": "20000000", "incomeBeforeTax": "798000000", "incomeTaxExpense": "64000000", "interestAndDebtExpense": "6000000", "netIncomeFromContinuingOperations": "734000000", "comprehensiveIncomeNetOfTax": "731000000", "ebit": "804000000", "ebitda": "824000000", "netIncome": "734000000"}, {"fiscalDateEnding": "2021-05-01", "reportedCurrency": "USD", "grossProfit": "2715000000", "totalRevenue": "11637000000", "costOfRevenue": "8922000000", "costofGoodsAndServicesSold": "8922000000", "operatingIncome": "769000000", "sellingGeneralAndAdministrative": "1988000000", "researchAndDevelopment": "None", "operatingExpenses": "1966000000", "investmentIncomeNet": "3000000", "netInterestIncome": "-6000000", "interestIncome": "None", "interestExpense": "6000000", "nonInterestIncome": "11637000000", "otherNonOperatingIncome": "None", "depreciation": "None", "depreciationAndAmortization": "20000000", "incomeBeforeTax": "767000000", "incomeTaxExpense": "172000000", "interestAndDebtExpense": "6000000", "netIncomeFromContinuingOperations": "595000000", "comprehensiveIncomeNetOfTax": "605000000", "ebit": "773000000", "ebitda": "793000000", "netIncome": "595000000"}, {"fiscalDateEnding": "2021-01-30", "reportedCurrency": "USD", "grossProfit": "3543000000", "totalRevenue": "16937000000", "costOfRevenue": "13394000000", "costofGoodsAndServicesSold": "13394000000", "operatingIncome": "1033000000", "sellingGeneralAndAdministrative": "2368000000", "researchAndDevelopment": "None", "operatingExpenses": "2543000000", "investmentIncomeNet": "18000000", "netInterestIncome": "-9000000", "interestIncome": "None", "interestExpense": "9000000", "nonInterestIncome": "16937000000", "otherNonOperatingIncome": "None", "depreciation": "None", "depreciationAndAmortization": "33000000", "incomeBeforeTax": "1043000000", "incomeTaxExpense": "227000000", "interestAndDebtExpense": "9000000", "netIncomeFromContinuingOperations": "816000000", "comprehensiveIncomeNetOfTax": "876000000", "ebit": "1052000000", "ebitda": "1085000000", "netIncome": "816000000"}, {"fiscalDateEnding": "2020-10-31", "reportedCurrency": "USD", "grossProfit": "2795000000", "totalRevenue": "11853000000", "costOfRevenue": "9058000000", "costofGoodsAndServicesSold": "9058000000", "operatingIncome": "561000000", "sellingGeneralAndAdministrative": "2123000000", "researchAndDevelopment": "None", "operatingExpenses": "2254000000", "investmentIncomeNet": "5000000", "netInterestIncome": "-11000000", "interestIncome": "None", "interestExpense": "11000000", "nonInterestIncome": "11853000000", "otherNonOperatingIncome": "None", "depreciation": "None", "depreciationAndAmortization": "20000000", "incomeBeforeTax": "555000000", "incomeTaxExpense": "164000000", "interestAndDebtExpense": "11000000", "netIncomeFromContinuingOperations": "391000000", "comprehensiveIncomeNetOfTax": "403000000", "ebit": "566000000", "ebitda": "586000000", "netIncome": "391000000"}, {"fiscalDateEnding": "2020-08-01", "reportedCurrency": "USD", "grossProfit": "2270000000", "totalRevenue": "9910000000", "costOfRevenue": "7640000000", "costofGoodsAndServicesSold": "7640000000", "operatingIncome": "568000000", "sellingGeneralAndAdministrative": "1702000000", "researchAndDevelopment": "None", "operatingExpenses": "1722000000", "investmentIncomeNet": "8000000", "netInterestIncome": "-15000000", "interestIncome": "None", "interestExpense": "15000000", "nonInterestIncome": "9910000000", "otherNonOperatingIncome": "None", "depreciation": "None", "depreciationAndAmortization": "20000000", "incomeBeforeTax": "561000000", "incomeTaxExpense": "129000000", "interestAndDebtExpense": "15000000", "netIncomeFromContinuingOperations": "432000000", "comprehensiveIncomeNetOfTax": "445000000", "ebit": "576000000", "ebitda": "597000000", "netIncome": "432000000"}, {"fiscalDateEnding": "2020-05-02", "reportedCurrency": "USD", "grossProfit": "1965000000", "totalRevenue": "8562000000", "costOfRevenue": "6597000000", "costofGoodsAndServicesSold": "6597000000", "operatingIncome": "229000000", "sellingGeneralAndAdministrative": "1735000000", "researchAndDevelopment": "None", "operatingExpenses": "1755000000", "investmentIncomeNet": "6000000", "netInterestIncome": "-17000000", "interestIncome": "None", "interestExpense": "17000000", "nonInterestIncome": "8562000000", "otherNonOperatingIncome": "None", "depreciation": "None", "depreciationAndAmortization": "19000000", "incomeBeforeTax": "218000000", "incomeTaxExpense": "59000000", "interestAndDebtExpense": "17000000", "netIncomeFromContinuingOperations": "159000000", "comprehensiveIncomeNetOfTax": "107000000", "ebit": "235000000", "ebitda": "254000000", "netIncome": "159000000"}, {"fiscalDateEnding": "2020-02-01", "reportedCurrency": "USD", "grossProfit": "3235000000", "totalRevenue": "15196000000", "costOfRevenue": "11961000000", "costofGoodsAndServicesSold": "11961000000", "operatingIncome": "967000000", "sellingGeneralAndAdministrative": "2268000000", "researchAndDevelopment": "None", "operatingExpenses": "2300000000", "investmentIncomeNet": "14000000", "netInterestIncome": "-14000000", "interestIncome": "None", "interestExpense": "14000000", "nonInterestIncome": "15196000000", "otherNonOperatingIncome": "None", "depreciation": "None", "depreciationAndAmortization": "32000000", "incomeBeforeTax": "967000000", "incomeTaxExpense": "222000000", "interestAndDebtExpense": "14000000", "netIncomeFromContinuingOperations": "745000000", "comprehensiveIncomeNetOfTax": "750000000", "ebit": "981000000", "ebitda": "1013000000", "netIncome": "745000000"}, {"fiscalDateEnding": "2019-11-02", "reportedCurrency": "USD", "grossProfit": "2361000000", "totalRevenue": "9764000000", "costOfRevenue": "7403000000", "costofGoodsAndServicesSold": "7403000000", "operatingIncome": "395000000", "sellingGeneralAndAdministrative": "1973000000", "researchAndDevelopment": "None", "operatingExpenses": "1984000000", "investmentIncomeNet": "9000000", "netInterestIncome": "-16000000", "interestIncome": "None", "interestExpense": "16000000", "nonInterestIncome": "9764000000", "otherNonOperatingIncome": "None", "depreciation": "None", "depreciationAndAmortization": "18000000", "incomeBeforeTax": "389000000", "incomeTaxExpense": "96000000", "interestAndDebtExpense": "16000000", "netIncomeFromContinuingOperations": "395000000", "comprehensiveIncomeNetOfTax": "289000000", "ebit": "405000000", "ebitda": "423000000", "netIncome": "293000000"}, {"fiscalDateEnding": "2019-08-03", "reportedCurrency": "USD", "grossProfit": "2283000000", "totalRevenue": "9536000000", "costOfRevenue": "7253000000", "costofGoodsAndServicesSold": "7253000000", "operatingIncome": "313000000", "sellingGeneralAndAdministrative": "1922000000", "researchAndDevelopment": "None", "operatingExpenses": "1988000000", "investmentIncomeNet": "10000000", "netInterestIncome": "-16000000", "interestIncome": "None", "interestExpense": "16000000", "nonInterestIncome": "9536000000", "otherNonOperatingIncome": "None", "depreciation": "None", "depreciationAndAmortization": "18000000", "incomeBeforeTax": "307000000", "incomeTaxExpense": "69000000", "interestAndDebtExpense": "16000000", "netIncomeFromContinuingOperations": "313000000", "comprehensiveIncomeNetOfTax": "243000000", "ebit": "323000000", "ebitda": "341000000", "netIncome": "238000000"}, {"fiscalDateEnding": "2019-05-04", "reportedCurrency": "USD", "grossProfit": "2169000000", "totalRevenue": "9142000000", "costOfRevenue": "6973000000", "costofGoodsAndServicesSold": "6973000000", "operatingIncome": "334000000", "sellingGeneralAndAdministrative": "1835000000", "researchAndDevelopment": "None", "operatingExpenses": "1852000000", "investmentIncomeNet": "14000000", "netInterestIncome": "-18000000", "interestIncome": "None", "interestExpense": "18000000", "nonInterestIncome": "9142000000", "otherNonOperatingIncome": "None", "depreciation": "None", "depreciationAndAmortization": "17000000", "incomeBeforeTax": "330000000", "incomeTaxExpense": "65000000", "interestAndDebtExpense": "18000000", "netIncomeFromContinuingOperations": "334000000", "comprehensiveIncomeNetOfTax": "260000000", "ebit": "348000000", "ebitda": "365000000", "netIncome": "265000000"}, {"fiscalDateEnding": "2019-02-02", "reportedCurrency": "USD", "grossProfit": "3283000000", "totalRevenue": "14801000000", "costOfRevenue": "11518000000", "costofGoodsAndServicesSold": "11518000000", "operatingIncome": "978000000", "sellingGeneralAndAdministrative": "2306000000", "researchAndDevelopment": "None", "operatingExpenses": "2322000000", "investmentIncomeNet": "14000000", "netInterestIncome": "-20000000", "interestIncome": "None", "interestExpense": "20000000", "nonInterestIncome": "14801000000", "otherNonOperatingIncome": "None", "depreciation": "None", "depreciationAndAmortization": "17000000", "incomeBeforeTax": "972000000", "incomeTaxExpense": "237000000", "interestAndDebtExpense": "20000000", "netIncomeFromContinuingOperations": "735000000", "comprehensiveIncomeNetOfTax": "729000000", "ebit": "992000000", "ebitda": "1009000000", "netIncome": "735000000"}, {"fiscalDateEnding": "2018-11-03", "reportedCurrency": "USD", "grossProfit": "2324000000", "totalRevenue": "9590000000", "costOfRevenue": "7266000000", "costofGoodsAndServicesSold": "7266000000", "operatingIncome": "322000000", "sellingGeneralAndAdministrative": "2002000000", "researchAndDevelopment": "None", "operatingExpenses": "5000000", "investmentIncomeNet": "11000000", "netInterestIncome": "-15000000", "interestIncome": "None", "interestExpense": "15000000", "nonInterestIncome": "9590000000", "otherNonOperatingIncome": "None", "depreciation": "None", "depreciationAndAmortization": "5000000", "incomeBeforeTax": "330000000", "incomeTaxExpense": "53000000", "interestAndDebtExpense": "15000000", "netIncomeFromContinuingOperations": "277000000", "comprehensiveIncomeNetOfTax": "281000000", "ebit": "345000000", "ebitda": "350000000", "netIncome": "277000000"}, {"fiscalDateEnding": "2018-08-04", "reportedCurrency": "USD", "grossProfit": "2229000000", "totalRevenue": "9379000000", "costOfRevenue": "7150000000", "costofGoodsAndServicesSold": "7150000000", "operatingIncome": "335000000", "sellingGeneralAndAdministrative": "1877000000", "researchAndDevelopment": "None", "operatingExpenses": "17000000", "investmentIncomeNet": "13000000", "netInterestIncome": "-19000000", "interestIncome": "None", "interestExpense": "19000000", "nonInterestIncome": "9379000000", "otherNonOperatingIncome": "None", "depreciation": "182000000", "depreciationAndAmortization": "None", "incomeBeforeTax": "329000000", "incomeTaxExpense": "85000000", "interestAndDebtExpense": "19000000", "netIncomeFromContinuingOperations": "335000000", "comprehensiveIncomeNetOfTax": "230000000", "ebit": "348000000", "ebitda": "327000000", "netIncome": "244000000"}, {"fiscalDateEnding": "2018-05-05", "reportedCurrency": "USD", "grossProfit": "2125000000", "totalRevenue": "9109000000", "costOfRevenue": "6984000000", "costofGoodsAndServicesSold": "6984000000", "operatingIncome": "265000000", "sellingGeneralAndAdministrative": "1830000000", "researchAndDevelopment": "None", "operatingExpenses": "52000000", "investmentIncomeNet": "11000000", "netInterestIncome": "-19000000", "interestIncome": "None", "interestExpense": "19000000", "nonInterestIncome": "9109000000", "otherNonOperatingIncome": "None", "depreciation": "176000000", "depreciationAndAmortization": "22000000", "incomeBeforeTax": "257000000", "incomeTaxExpense": "49000000", "interestAndDebtExpense": "19000000", "netIncomeFromContinuingOperations": "265000000", "comprehensiveIncomeNetOfTax": "204000000", "ebit": "276000000", "ebitda": "298000000", "netIncome": "208000000"}, {"fiscalDateEnding": "2018-02-03", "reportedCurrency": "USD", "grossProfit": "3421000000", "totalRevenue": "15363000000", "costOfRevenue": "11942000000", "costofGoodsAndServicesSold": "11942000000", "operatingIncome": "872000000", "sellingGeneralAndAdministrative": "2539000000", "researchAndDevelopment": "None", "operatingExpenses": "10000000", "investmentIncomeNet": "18000000", "netInterestIncome": "-18000000", "interestIncome": "None", "interestExpense": "18000000", "nonInterestIncome": "15363000000", "otherNonOperatingIncome": "None", "depreciation": "183000000", "depreciationAndAmortization": "None", "incomeBeforeTax": "873000000", "incomeTaxExpense": "509000000", "interestAndDebtExpense": "18000000", "netIncomeFromContinuingOperations": "364000000", "comprehensiveIncomeNetOfTax": "374000000", "ebit": "891000000", "ebitda": "None", "netIncome": "364000000"}, {"fiscalDateEnding": "2017-10-28", "reportedCurrency": "USD", "grossProfit": "2280000000", "totalRevenue": "9320000000", "costOfRevenue": "7040000000", "costofGoodsAndServicesSold": "7040000000", "operatingIncome": "350000000", "sellingGeneralAndAdministrative": "1932000000", "researchAndDevelopment": "None", "operatingExpenses": "1930000000", "investmentIncomeNet": "12000000", "netInterestIncome": "-20000000", "interestIncome": "None", "interestExpense": "20000000", "nonInterestIncome": "9320000000", "otherNonOperatingIncome": "None", "depreciation": "171000000", "depreciationAndAmortization": "None", "incomeBeforeTax": "343000000", "incomeTaxExpense": "104000000", "interestAndDebtExpense": "20000000", "netIncomeFromContinuingOperations": "238000000", "comprehensiveIncomeNetOfTax": "222000000", "ebit": "363000000", "ebitda": "None", "netIncome": "239000000"}, {"fiscalDateEnding": "2017-07-29", "reportedCurrency": "USD", "grossProfit": "2153000000", "totalRevenue": "8940000000", "costOfRevenue": "6787000000", "costofGoodsAndServicesSold": "6787000000", "operatingIncome": "321000000", "sellingGeneralAndAdministrative": "1830000000", "researchAndDevelopment": "None", "operatingExpenses": "1832000000", "investmentIncomeNet": "7000000", "netInterestIncome": "-18000000", "interestIncome": "None", "interestExpense": "18000000", "nonInterestIncome": "8940000000", "otherNonOperatingIncome": "None", "depreciation": "168000000", "depreciationAndAmortization": "None", "incomeBeforeTax": "310000000", "incomeTaxExpense": "101000000", "interestAndDebtExpense": "18000000", "netIncomeFromContinuingOperations": "209000000", "comprehensiveIncomeNetOfTax": "264000000", "ebit": "328000000", "ebitda": "None", "netIncome": "209000000"}, {"fiscalDateEnding": "2017-04-29", "reportedCurrency": "USD", "grossProfit": "2022000000", "totalRevenue": "8528000000", "costOfRevenue": "6506000000", "costofGoodsAndServicesSold": "6506000000", "operatingIncome": "300000000", "sellingGeneralAndAdministrative": "1722000000", "researchAndDevelopment": "None", "operatingExpenses": "1722000000", "investmentIncomeNet": "11000000", "netInterestIncome": "-19000000", "interestIncome": "None", "interestExpense": "19000000", "nonInterestIncome": "8528000000", "otherNonOperatingIncome": "None", "depreciation": "161000000", "depreciationAndAmortization": "None", "incomeBeforeTax": "292000000", "incomeTaxExpense": "104000000", "interestAndDebtExpense": "19000000", "netIncomeFromContinuingOperations": "188000000", "comprehensiveIncomeNetOfTax": "175000000", "ebit": "311000000", "ebitda": "None", "netIncome": "188000000"}, {"fiscalDateEnding": "2017-01-28", "reportedCurrency": "USD", "grossProfit": "3030000000", "totalRevenue": "13534000000", "costOfRevenue": "12601000000", "costofGoodsAndServicesSold": "10452000000", "operatingIncome": "881000000", "sellingGeneralAndAdministrative": "2140000000", "researchAndDevelopment": "None", "operatingExpenses": "2149000000", "investmentIncomeNet": "9000000", "netInterestIncome": "-18000000", "interestIncome": "None", "interestExpense": "18000000", "nonInterestIncome": "1000000", "otherNonOperatingIncome": "None", "depreciation": "163000000", "depreciationAndAmortization": "None", "incomeBeforeTax": "873000000", "incomeTaxExpense": "266000000", "interestAndDebtExpense": "18000000", "netIncomeFromContinuingOperations": "607000000", "comprehensiveIncomeNetOfTax": "609000000", "ebit": "891000000", "ebitda": "None", "netIncome": "607000000"}, {"fiscalDateEnding": "2016-10-29", "reportedCurrency": "USD", "grossProfit": "2203000000", "totalRevenue": "8929000000", "costOfRevenue": "8633000000", "costofGoodsAndServicesSold": "6742000000", "operatingIncome": "312000000", "sellingGeneralAndAdministrative": "1890000000", "researchAndDevelopment": "None", "operatingExpenses": "1891000000", "investmentIncomeNet": "8000000", "netInterestIncome": "-16000000", "interestIncome": "None", "interestExpense": "16000000", "nonInterestIncome": "0", "otherNonOperatingIncome": "None", "depreciation": "164000000", "depreciationAndAmortization": "None", "incomeBeforeTax": "306000000", "incomeTaxExpense": "112000000", "interestAndDebtExpense": "16000000", "netIncomeFromContinuingOperations": "192000000", "comprehensiveIncomeNetOfTax": "175000000", "ebit": "322000000", "ebitda": "None", "netIncome": "194000000"}]}