{"symbol": "CB", "annualReports": [{"fiscalDateEnding": "2020-12-31", "reportedCurrency": "USD", "grossProfit": "-18365000000", "totalRevenue": "35994000000", "costOfRevenue": "54359000000", "costofGoodsAndServicesSold": "22000000", "operatingIncome": "-20640000000", "sellingGeneralAndAdministrative": "2979000000", "researchAndDevelopment": "None", "operatingExpenses": "3269000000", "investmentIncomeNet": "3375000000", "netInterestIncome": "-516000000", "interestIncome": "-516000000", "interestExpense": "516000000", "nonInterestIncome": "32634000000", "otherNonOperatingIncome": "994000000", "depreciation": "None", "depreciationAndAmortization": "290000000", "incomeBeforeTax": "4162000000", "incomeTaxExpense": "629000000", "interestAndDebtExpense": "516000000", "netIncomeFromContinuingOperations": "4162000000", "comprehensiveIncomeNetOfTax": "5783000000", "ebit": "4678000000", "ebitda": "4968000000", "netIncome": "3533000000"}, {"fiscalDateEnding": "2019-12-31", "reportedCurrency": "USD", "grossProfit": "-13877000000", "totalRevenue": "34186000000", "costOfRevenue": "48063000000", "costofGoodsAndServicesSold": "23000000", "operatingIncome": "-16639000000", "sellingGeneralAndAdministrative": "3030000000", "researchAndDevelopment": "None", "operatingExpenses": "3358000000", "investmentIncomeNet": "3426000000", "netInterestIncome": "-552000000", "interestIncome": "25000000", "interestExpense": "552000000", "nonInterestIncome": "31297000000", "otherNonOperatingIncome": "596000000", "depreciation": "None", "depreciationAndAmortization": "305000000", "incomeBeforeTax": "5249000000", "incomeTaxExpense": "795000000", "interestAndDebtExpense": "552000000", "netIncomeFromContinuingOperations": "5249000000", "comprehensiveIncomeNetOfTax": "7521000000", "ebit": "5801000000", "ebitda": "6106000000", "netIncome": "4454000000"}, {"fiscalDateEnding": "2018-12-31", "reportedCurrency": "USD", "grossProfit": "-13579000000", "totalRevenue": "32717000000", "costOfRevenue": "46296000000", "costofGoodsAndServicesSold": "12000000", "operatingIncome": "-16429000000", "sellingGeneralAndAdministrative": "2886000000", "researchAndDevelopment": "None", "operatingExpenses": "3284000000", "investmentIncomeNet": "3305000000", "netInterestIncome": "-641000000", "interestIncome": "-127000000", "interestExpense": "641000000", "nonInterestIncome": "29543000000", "otherNonOperatingIncome": "434000000", "depreciation": "None", "depreciationAndAmortization": "339000000", "incomeBeforeTax": "4657000000", "incomeTaxExpense": "695000000", "interestAndDebtExpense": "641000000", "netIncomeFromContinuingOperations": "4657000000", "comprehensiveIncomeNetOfTax": "1242000000", "ebit": "5298000000", "ebitda": "5637000000", "netIncome": "3962000000"}, {"fiscalDateEnding": "2017-12-31", "reportedCurrency": "USD", "grossProfit": "-14855000000", "totalRevenue": "32243000000", "costOfRevenue": "47098000000", "costofGoodsAndServicesSold": "35000000", "operatingIncome": "-17858000000", "sellingGeneralAndAdministrative": "2833000000", "researchAndDevelopment": "None", "operatingExpenses": "3403000000", "investmentIncomeNet": "3125000000", "netInterestIncome": "-607000000", "interestIncome": "-189000000", "interestExpense": "607000000", "nonInterestIncome": "29070000000", "otherNonOperatingIncome": "400000000", "depreciation": "None", "depreciationAndAmortization": "260000000", "incomeBeforeTax": "3722000000", "incomeTaxExpense": "-139000000", "interestAndDebtExpense": "607000000", "netIncomeFromContinuingOperations": "3722000000", "comprehensiveIncomeNetOfTax": "4718000000", "ebit": "4329000000", "ebitda": "4589000000", "netIncome": "3861000000"}, {"fiscalDateEnding": "2016-12-31", "reportedCurrency": "USD", "grossProfit": "-10781000000", "totalRevenue": "31469000000", "costOfRevenue": "42250000000", "costofGoodsAndServicesSold": "19000000", "operatingIncome": "-14153000000", "sellingGeneralAndAdministrative": "3081000000", "researchAndDevelopment": "None", "operatingExpenses": "3594000000", "investmentIncomeNet": "2865000000", "netInterestIncome": "-605000000", "interestIncome": "-341000000", "interestExpense": "605000000", "nonInterestIncome": "28867000000", "otherNonOperatingIncome": "222000000", "depreciation": "None", "depreciationAndAmortization": "19000000", "incomeBeforeTax": "4950000000", "incomeTaxExpense": "815000000", "interestAndDebtExpense": "605000000", "netIncomeFromContinuingOperations": "4950000000", "comprehensiveIncomeNetOfTax": "4556000000", "ebit": "5555000000", "ebitda": "5574000000", "netIncome": "4135000000"}], "quarterlyReports": [{"fiscalDateEnding": "2021-09-30", "reportedCurrency": "USD", "grossProfit": "-5224000000", "totalRevenue": "10845000000", "costOfRevenue": "16069000000", "costofGoodsAndServicesSold": "5000000", "operatingIncome": "-5338000000", "sellingGeneralAndAdministrative": "806000000", "researchAndDevelopment": "None", "operatingExpenses": "877000000", "investmentIncomeNet": "None", "netInterestIncome": "-122000000", "interestIncome": "680000000", "interestExpense": "122000000", "nonInterestIncome": "10742000000", "otherNonOperatingIncome": "763000000", "depreciation": "None", "depreciationAndAmortization": "71000000", "incomeBeforeTax": "2051000000", "incomeTaxExpense": "218000000", "interestAndDebtExpense": "None", "netIncomeFromContinuingOperations": "1833000000", "comprehensiveIncomeNetOfTax": "989000000", "ebit": "-5338000000", "ebitda": "-5267000000", "netIncome": "1833000000"}, {"fiscalDateEnding": "2021-06-30", "reportedCurrency": "USD", "grossProfit": "-3084000000", "totalRevenue": "9664000000", "costOfRevenue": "12748000000", "costofGoodsAndServicesSold": "5000000", "operatingIncome": "-3155000000", "sellingGeneralAndAdministrative": "775000000", "researchAndDevelopment": "None", "operatingExpenses": "848000000", "investmentIncomeNet": "None", "netInterestIncome": "-122000000", "interestIncome": "-122000000", "interestExpense": "122000000", "nonInterestIncome": "9865000000", "otherNonOperatingIncome": "777000000", "depreciation": "None", "depreciationAndAmortization": "73000000", "incomeBeforeTax": "2582000000", "incomeTaxExpense": "317000000", "interestAndDebtExpense": "None", "netIncomeFromContinuingOperations": "2265000000", "comprehensiveIncomeNetOfTax": "3129000000", "ebit": "-3155000000", "ebitda": "-3082000000", "netIncome": "2265000000"}, {"fiscalDateEnding": "2021-03-31", "reportedCurrency": "USD", "grossProfit": "-2855000000", "totalRevenue": "9971000000", "costOfRevenue": "12826000000", "costofGoodsAndServicesSold": "5000000", "operatingIncome": "-3181000000", "sellingGeneralAndAdministrative": "744000000", "researchAndDevelopment": "None", "operatingExpenses": "816000000", "investmentIncomeNet": "None", "netInterestIncome": "-122000000", "interestIncome": "2000000", "interestExpense": "122000000", "nonInterestIncome": "8889000000", "otherNonOperatingIncome": "490000000", "depreciation": "None", "depreciationAndAmortization": "72000000", "incomeBeforeTax": "2638000000", "incomeTaxExpense": "338000000", "interestAndDebtExpense": "None", "netIncomeFromContinuingOperations": "2300000000", "comprehensiveIncomeNetOfTax": "389000000", "ebit": "-3181000000", "ebitda": "-3109000000", "netIncome": "2300000000"}, {"fiscalDateEnding": "2020-12-31", "reportedCurrency": "USD", "grossProfit": "-2679000000", "totalRevenue": "9848000000", "costOfRevenue": "12527000000", "costofGoodsAndServicesSold": "6000000", "operatingIncome": "-2908000000", "sellingGeneralAndAdministrative": "778000000", "researchAndDevelopment": "None", "operatingExpenses": "851000000", "investmentIncomeNet": "None", "netInterestIncome": "-126000000", "interestIncome": "-126000000", "interestExpense": "126000000", "nonInterestIncome": "8112000000", "otherNonOperatingIncome": "622000000", "depreciation": "None", "depreciationAndAmortization": "73000000", "incomeBeforeTax": "2752000000", "incomeTaxExpense": "334000000", "interestAndDebtExpense": "None", "netIncomeFromContinuingOperations": "3047000000", "comprehensiveIncomeNetOfTax": "3431000000", "ebit": "-2908000000", "ebitda": "-2835000000", "netIncome": "2418000000"}, {"fiscalDateEnding": "2020-09-30", "reportedCurrency": "USD", "grossProfit": "-4854000000", "totalRevenue": "9464000000", "costOfRevenue": "14318000000", "costofGoodsAndServicesSold": "4000000", "operatingIncome": "-5174000000", "sellingGeneralAndAdministrative": "733000000", "researchAndDevelopment": "None", "operatingExpenses": "805000000", "investmentIncomeNet": "None", "netInterestIncome": "-130000000", "interestIncome": "349000000", "interestExpense": "130000000", "nonInterestIncome": "8897000000", "otherNonOperatingIncome": "485000000", "depreciation": "None", "depreciationAndAmortization": "72000000", "incomeBeforeTax": "1336000000", "incomeTaxExpense": "142000000", "interestAndDebtExpense": "None", "netIncomeFromContinuingOperations": "1194000000", "comprehensiveIncomeNetOfTax": "1952000000", "ebit": "-5174000000", "ebitda": "-5102000000", "netIncome": "1194000000"}, {"fiscalDateEnding": "2020-06-30", "reportedCurrency": "USD", "grossProfit": "-6784000000", "totalRevenue": "8985000000", "costOfRevenue": "15769000000", "costofGoodsAndServicesSold": "6000000", "operatingIncome": "-7641000000", "sellingGeneralAndAdministrative": "727000000", "researchAndDevelopment": "None", "operatingExpenses": "799000000", "investmentIncomeNet": "None", "netInterestIncome": "-128000000", "interestIncome": "3000000", "interestExpense": "128000000", "nonInterestIncome": "7075000000", "otherNonOperatingIncome": "-58000000", "depreciation": "None", "depreciationAndAmortization": "72000000", "incomeBeforeTax": "-393000000", "incomeTaxExpense": "-62000000", "interestAndDebtExpense": "None", "netIncomeFromContinuingOperations": "-331000000", "comprehensiveIncomeNetOfTax": "2860000000", "ebit": "-7641000000", "ebitda": "-7569000000", "netIncome": "-331000000"}, {"fiscalDateEnding": "2020-03-31", "reportedCurrency": "USD", "grossProfit": "-3904000000", "totalRevenue": "7697000000", "costOfRevenue": "11601000000", "costofGoodsAndServicesSold": "6000000", "operatingIncome": "-4773000000", "sellingGeneralAndAdministrative": "741000000", "researchAndDevelopment": "None", "operatingExpenses": "814000000", "investmentIncomeNet": "None", "netInterestIncome": "-132000000", "interestIncome": "9000000", "interestExpense": "132000000", "nonInterestIncome": "8550000000", "otherNonOperatingIncome": "-55000000", "depreciation": "None", "depreciationAndAmortization": "73000000", "incomeBeforeTax": "467000000", "incomeTaxExpense": "215000000", "interestAndDebtExpense": "None", "netIncomeFromContinuingOperations": "252000000", "comprehensiveIncomeNetOfTax": "-2460000000", "ebit": "-4773000000", "ebitda": "-4700000000", "netIncome": "252000000"}, {"fiscalDateEnding": "2019-12-31", "reportedCurrency": "USD", "grossProfit": "-1217000000", "totalRevenue": "8738000000", "costOfRevenue": "9955000000", "costofGoodsAndServicesSold": "6523000000", "operatingIncome": "-1217000000", "sellingGeneralAndAdministrative": "810000000", "researchAndDevelopment": "None", "operatingExpenses": "900000000", "investmentIncomeNet": "None", "netInterestIncome": "-134000000", "interestIncome": "6000000", "interestExpense": "134000000", "nonInterestIncome": "7935000000", "otherNonOperatingIncome": "-87000000", "depreciation": "None", "depreciationAndAmortization": "76000000", "incomeBeforeTax": "1342000000", "incomeTaxExpense": "169000000", "interestAndDebtExpense": "None", "netIncomeFromContinuingOperations": "-1217000000", "comprehensiveIncomeNetOfTax": "1271000000", "ebit": "-1217000000", "ebitda": "-1141000000", "netIncome": "1173000000"}, {"fiscalDateEnding": "2019-09-30", "reportedCurrency": "USD", "grossProfit": "-3650000000", "totalRevenue": "9045000000", "costOfRevenue": "12695000000", "costofGoodsAndServicesSold": "6813000000", "operatingIncome": "-4423000000", "sellingGeneralAndAdministrative": "752000000", "researchAndDevelopment": "None", "operatingExpenses": "830000000", "investmentIncomeNet": "None", "netInterestIncome": "-138000000", "interestIncome": "7000000", "interestExpense": "138000000", "nonInterestIncome": "9173000000", "otherNonOperatingIncome": "694000000", "depreciation": "None", "depreciationAndAmortization": "76000000", "incomeBeforeTax": "1321000000", "incomeTaxExpense": "230000000", "interestAndDebtExpense": "None", "netIncomeFromContinuingOperations": "1091000000", "comprehensiveIncomeNetOfTax": "1473000000", "ebit": "-4423000000", "ebitda": "-4347000000", "netIncome": "1091000000"}, {"fiscalDateEnding": "2019-06-30", "reportedCurrency": "USD", "grossProfit": "-3447000000", "totalRevenue": "8527000000", "costOfRevenue": "11974000000", "costofGoodsAndServicesSold": "6420000000", "operatingIncome": "-4056000000", "sellingGeneralAndAdministrative": "758000000", "researchAndDevelopment": "None", "operatingExpenses": "839000000", "investmentIncomeNet": "None", "netInterestIncome": "-140000000", "interestIncome": "110000000", "interestExpense": "140000000", "nonInterestIncome": "8593000000", "otherNonOperatingIncome": "1252000000", "depreciation": "None", "depreciationAndAmortization": "77000000", "incomeBeforeTax": "1358000000", "incomeTaxExpense": "208000000", "interestAndDebtExpense": "None", "netIncomeFromContinuingOperations": "1150000000", "comprehensiveIncomeNetOfTax": "2059000000", "ebit": "-4056000000", "ebitda": "-3979000000", "netIncome": "1150000000"}, {"fiscalDateEnding": "2019-03-31", "reportedCurrency": "USD", "grossProfit": "-2845000000", "totalRevenue": "7876000000", "costOfRevenue": "10721000000", "costofGoodsAndServicesSold": "5758000000", "operatingIncome": "-3595000000", "sellingGeneralAndAdministrative": "710000000", "researchAndDevelopment": "None", "operatingExpenses": "789000000", "investmentIncomeNet": "None", "netInterestIncome": "-140000000", "interestIncome": "None", "interestExpense": "140000000", "nonInterestIncome": "7819000000", "otherNonOperatingIncome": "1845000000", "depreciation": "None", "depreciationAndAmortization": "76000000", "incomeBeforeTax": "1228000000", "incomeTaxExpense": "188000000", "interestAndDebtExpense": "None", "netIncomeFromContinuingOperations": "1040000000", "comprehensiveIncomeNetOfTax": "2718000000", "ebit": "-3595000000", "ebitda": "-3519000000", "netIncome": "1040000000"}, {"fiscalDateEnding": "2018-12-31", "reportedCurrency": "USD", "grossProfit": "-1756000000", "totalRevenue": "7626000000", "costOfRevenue": "9382000000", "costofGoodsAndServicesSold": "6138000000", "operatingIncome": "-1756000000", "sellingGeneralAndAdministrative": "728000000", "researchAndDevelopment": "None", "operatingExpenses": "834000000", "investmentIncomeNet": "None", "netInterestIncome": "-153000000", "interestIncome": "None", "interestExpense": "153000000", "nonInterestIncome": "6778000000", "otherNonOperatingIncome": "-235000000", "depreciation": "None", "depreciationAndAmortization": "86000000", "incomeBeforeTax": "514000000", "incomeTaxExpense": "159000000", "interestAndDebtExpense": "None", "netIncomeFromContinuingOperations": "-2262000000", "comprehensiveIncomeNetOfTax": "-80000000", "ebit": "-1756000000", "ebitda": "-1670000000", "netIncome": "355000000"}, {"fiscalDateEnding": "2018-09-30", "reportedCurrency": "USD", "grossProfit": "-3435000000", "totalRevenue": "8750000000", "costOfRevenue": "12185000000", "costofGoodsAndServicesSold": "6499000000", "operatingIncome": "-4108000000", "sellingGeneralAndAdministrative": "719000000", "researchAndDevelopment": "None", "operatingExpenses": "818000000", "investmentIncomeNet": "None", "netInterestIncome": "-164000000", "interestIncome": "None", "interestExpense": "164000000", "nonInterestIncome": "8637000000", "otherNonOperatingIncome": "-251000000", "depreciation": "None", "depreciationAndAmortization": "83000000", "incomeBeforeTax": "1414000000", "incomeTaxExpense": "183000000", "interestAndDebtExpense": "None", "netIncomeFromContinuingOperations": "1231000000", "comprehensiveIncomeNetOfTax": "592000000", "ebit": "-4108000000", "ebitda": "-4025000000", "netIncome": "1231000000"}, {"fiscalDateEnding": "2018-06-30", "reportedCurrency": "USD", "grossProfit": "-2923000000", "totalRevenue": "8510000000", "costOfRevenue": "11433000000", "costofGoodsAndServicesSold": "6101000000", "operatingIncome": "-3653000000", "sellingGeneralAndAdministrative": "747000000", "researchAndDevelopment": "None", "operatingExpenses": "845000000", "investmentIncomeNet": "None", "netInterestIncome": "-167000000", "interestIncome": "None", "interestExpense": "167000000", "nonInterestIncome": "8620000000", "otherNonOperatingIncome": "-578000000", "depreciation": "None", "depreciationAndAmortization": "85000000", "incomeBeforeTax": "1512000000", "incomeTaxExpense": "218000000", "interestAndDebtExpense": "None", "netIncomeFromContinuingOperations": "1294000000", "comprehensiveIncomeNetOfTax": "277000000", "ebit": "-3653000000", "ebitda": "-3568000000", "netIncome": "1294000000"}, {"fiscalDateEnding": "2018-03-31", "reportedCurrency": "USD", "grossProfit": "-2860000000", "totalRevenue": "7831000000", "costOfRevenue": "10691000000", "costofGoodsAndServicesSold": "5717000000", "operatingIncome": "-3600000000", "sellingGeneralAndAdministrative": "692000000", "researchAndDevelopment": "None", "operatingExpenses": "787000000", "investmentIncomeNet": "None", "netInterestIncome": "-157000000", "interestIncome": "None", "interestExpense": "157000000", "nonInterestIncome": "7568000000", "otherNonOperatingIncome": "-1234000000", "depreciation": "None", "depreciationAndAmortization": "85000000", "incomeBeforeTax": "1217000000", "incomeTaxExpense": "135000000", "interestAndDebtExpense": "None", "netIncomeFromContinuingOperations": "1082000000", "comprehensiveIncomeNetOfTax": "453000000", "ebit": "-3600000000", "ebitda": "-3515000000", "netIncome": "1082000000"}, {"fiscalDateEnding": "2017-12-31", "reportedCurrency": "USD", "grossProfit": "-705000000", "totalRevenue": "8015000000", "costOfRevenue": "8720000000", "costofGoodsAndServicesSold": "6709000000", "operatingIncome": "-705000000", "sellingGeneralAndAdministrative": "737000000", "researchAndDevelopment": "None", "operatingExpenses": "880000000", "investmentIncomeNet": "None", "netInterestIncome": "-156000000", "interestIncome": "None", "interestExpense": "156000000", "nonInterestIncome": "7218000000", "otherNonOperatingIncome": "-301000000", "depreciation": "None", "depreciationAndAmortization": "66000000", "incomeBeforeTax": "1151000000", "incomeTaxExpense": "-382000000", "interestAndDebtExpense": "None", "netIncomeFromContinuingOperations": "-705000000", "comprehensiveIncomeNetOfTax": "1007000000", "ebit": "-705000000", "ebitda": "-639000000", "netIncome": "1533000000"}, {"fiscalDateEnding": "2017-09-30", "reportedCurrency": "USD", "grossProfit": "-6370000000", "totalRevenue": "8610000000", "costOfRevenue": "14980000000", "costofGoodsAndServicesSold": "8689000000", "operatingIncome": "-7081000000", "sellingGeneralAndAdministrative": "714000000", "researchAndDevelopment": "None", "operatingExpenses": "829000000", "investmentIncomeNet": "None", "netInterestIncome": "-150000000", "interestIncome": "None", "interestExpense": "150000000", "nonInterestIncome": "7011000000", "otherNonOperatingIncome": "153000000", "depreciation": "None", "depreciationAndAmortization": "65000000", "incomeBeforeTax": "-155000000", "incomeTaxExpense": "-85000000", "interestAndDebtExpense": "None", "netIncomeFromContinuingOperations": "-70000000", "comprehensiveIncomeNetOfTax": "629000000", "ebit": "-7081000000", "ebitda": "-7016000000", "netIncome": "-70000000"}, {"fiscalDateEnding": "2017-06-30", "reportedCurrency": "USD", "grossProfit": "-2639000000", "totalRevenue": "8108000000", "costOfRevenue": "10747000000", "costofGoodsAndServicesSold": "6544000000", "operatingIncome": "-3337000000", "sellingGeneralAndAdministrative": "706000000", "researchAndDevelopment": "None", "operatingExpenses": "843000000", "investmentIncomeNet": "None", "netInterestIncome": "-147000000", "interestIncome": "None", "interestExpense": "147000000", "nonInterestIncome": "8024000000", "otherNonOperatingIncome": "459000000", "depreciation": "None", "depreciationAndAmortization": "65000000", "incomeBeforeTax": "1505000000", "incomeTaxExpense": "200000000", "interestAndDebtExpense": "None", "netIncomeFromContinuingOperations": "1305000000", "comprehensiveIncomeNetOfTax": "1675000000", "ebit": "-3337000000", "ebitda": "-3272000000", "netIncome": "1305000000"}, {"fiscalDateEnding": "2017-03-31", "reportedCurrency": "USD", "grossProfit": "-2484000000", "totalRevenue": "7510000000", "costOfRevenue": "9994000000", "costofGoodsAndServicesSold": "6097000000", "operatingIncome": "-3265000000", "sellingGeneralAndAdministrative": "676000000", "researchAndDevelopment": "None", "operatingExpenses": "851000000", "investmentIncomeNet": "None", "netInterestIncome": "-154000000", "interestIncome": "None", "interestExpense": "154000000", "nonInterestIncome": "7495000000", "otherNonOperatingIncome": "307000000", "depreciation": "None", "depreciationAndAmortization": "64000000", "incomeBeforeTax": "1221000000", "incomeTaxExpense": "128000000", "interestAndDebtExpense": "None", "netIncomeFromContinuingOperations": "1093000000", "comprehensiveIncomeNetOfTax": "1407000000", "ebit": "-3265000000", "ebitda": "-3201000000", "netIncome": "1093000000"}, {"fiscalDateEnding": "2016-12-31", "reportedCurrency": "USD", "grossProfit": "297000000", "totalRevenue": "8168000000", "costOfRevenue": "7871000000", "costofGoodsAndServicesSold": "6268000000", "operatingIncome": "297000000", "sellingGeneralAndAdministrative": "708000000", "researchAndDevelopment": "None", "operatingExpenses": "844000000", "investmentIncomeNet": "None", "netInterestIncome": "-154000000", "interestIncome": "None", "interestExpense": "154000000", "nonInterestIncome": "7059000000", "otherNonOperatingIncome": "-1229000000", "depreciation": "None", "depreciationAndAmortization": "3000000", "incomeBeforeTax": "1869000000", "incomeTaxExpense": "259000000", "interestAndDebtExpense": "None", "netIncomeFromContinuingOperations": "662000000", "comprehensiveIncomeNetOfTax": "99000000", "ebit": "297000000", "ebitda": "300000000", "netIncome": "1610000000"}]}