{"symbol": "CERN", "annualReports": [{"fiscalDateEnding": "2020-12-31", "reportedCurrency": "USD", "grossProfit": "3996261000", "totalRevenue": "5505788000", "costOfRevenue": "1509527000", "costofGoodsAndServicesSold": "932941000", "operatingIncome": "914567000", "sellingGeneralAndAdministrative": "491586000", "researchAndDevelopment": "749007000", "operatingExpenses": "3878803000", "investmentIncomeNet": "28901000", "netInterestIncome": "-29080000", "interestIncome": "28901000", "interestExpense": "29080000", "nonInterestIncome": "220523000", "otherNonOperatingIncome": "1251000", "depreciation": "365000000", "depreciationAndAmortization": "85000000", "incomeBeforeTax": "991473000", "incomeTaxExpense": "211385000", "interestAndDebtExpense": "29080000", "netIncomeFromContinuingOperations": "780088000", "comprehensiveIncomeNetOfTax": "777944000", "ebit": "1020553000", "ebitda": "1105553000", "netIncome": "780088000"}, {"fiscalDateEnding": "2019-12-31", "reportedCurrency": "USD", "grossProfit": "4621557000", "totalRevenue": "5692598000", "costOfRevenue": "1071041000", "costofGoodsAndServicesSold": "1071041000", "operatingIncome": "600669000", "sellingGeneralAndAdministrative": "520598000", "researchAndDevelopment": "737136000", "operatingExpenses": "4020888000", "investmentIncomeNet": "38227000", "netInterestIncome": "-14469000", "interestIncome": "38227000", "interestExpense": "14469000", "nonInterestIncome": "0", "otherNonOperatingIncome": "464000", "depreciation": "347000000", "depreciationAndAmortization": "114000000", "incomeBeforeTax": "654512000", "incomeTaxExpense": "125058000", "interestAndDebtExpense": "14469000", "netIncomeFromContinuingOperations": "529454000", "comprehensiveIncomeNetOfTax": "514346000", "ebit": "668981000", "ebitda": "782981000", "netIncome": "529454000"}, {"fiscalDateEnding": "2018-12-31", "reportedCurrency": "USD", "grossProfit": "4428977000", "totalRevenue": "5366325000", "costOfRevenue": "937348000", "costofGoodsAndServicesSold": "937348000", "operatingIncome": "774785000", "sellingGeneralAndAdministrative": "389469000", "researchAndDevelopment": "683663000", "operatingExpenses": "3654192000", "investmentIncomeNet": "34211000", "netInterestIncome": "-7987000", "interestIncome": "34211000", "interestExpense": "7987000", "nonInterestIncome": "0", "otherNonOperatingIncome": "-158000", "depreciation": "323000000", "depreciationAndAmortization": "109000000", "incomeBeforeTax": "800851000", "incomeTaxExpense": "170792000", "interestAndDebtExpense": "7987000", "netIncomeFromContinuingOperations": "630059000", "comprehensiveIncomeNetOfTax": "599889000", "ebit": "808838000", "ebitda": "917838000", "netIncome": "630059000"}, {"fiscalDateEnding": "2017-12-31", "reportedCurrency": "USD", "grossProfit": "4288181000", "totalRevenue": "5142272000", "costOfRevenue": "854091000", "costofGoodsAndServicesSold": "854091000", "operatingIncome": "960471000", "sellingGeneralAndAdministrative": "402267000", "researchAndDevelopment": "605046000", "operatingExpenses": "3327710000", "investmentIncomeNet": "18933000", "netInterestIncome": "-8012000", "interestIncome": "18933000", "interestExpense": "8012000", "nonInterestIncome": "None", "otherNonOperatingIncome": "-4263000", "depreciation": "290000000", "depreciationAndAmortization": "118000000", "incomeBeforeTax": "967129000", "incomeTaxExpense": "100151000", "interestAndDebtExpense": "8012000", "netIncomeFromContinuingOperations": "866978000", "comprehensiveIncomeNetOfTax": "903761000", "ebit": "975141000", "ebitda": "1093141000", "netIncome": "866978000"}, {"fiscalDateEnding": "2016-12-31", "reportedCurrency": "USD", "grossProfit": "3458424000", "totalRevenue": "4791994000", "costOfRevenue": "1333570000", "costofGoodsAndServicesSold": "779116000", "operatingIncome": "911013000", "sellingGeneralAndAdministrative": "436454000", "researchAndDevelopment": "551418000", "operatingExpenses": "3106344000", "investmentIncomeNet": "15252000", "netInterestIncome": "-4479000", "interestIncome": "15252000", "interestExpense": "4479000", "nonInterestIncome": "None", "otherNonOperatingIncome": "-3352000", "depreciation": "246000000", "depreciationAndAmortization": "118000000", "incomeBeforeTax": "918434000", "incomeTaxExpense": "281950000", "interestAndDebtExpense": "4479000", "netIncomeFromContinuingOperations": "636484000", "comprehensiveIncomeNetOfTax": "602673000", "ebit": "922913000", "ebitda": "1040913000", "netIncome": "636484000"}], "quarterlyReports": [{"fiscalDateEnding": "2021-09-30", "reportedCurrency": "USD", "grossProfit": "1095470000", "totalRevenue": "1467976000", "costOfRevenue": "372506000", "costofGoodsAndServicesSold": "251111000", "operatingIncome": "224923000", "sellingGeneralAndAdministrative": "121395000", "researchAndDevelopment": "202663000", "operatingExpenses": "991942000", "investmentIncomeNet": "None", "netInterestIncome": "None", "interestIncome": "None", "interestExpense": "None", "nonInterestIncome": "0", "otherNonOperatingIncome": "-5070000", "depreciation": "None", "depreciationAndAmortization": "181249000", "incomeBeforeTax": "219853000", "incomeTaxExpense": "44058000", "interestAndDebtExpense": "None", "netIncomeFromContinuingOperations": "175795000", "comprehensiveIncomeNetOfTax": "164826000", "ebit": "224923000", "ebitda": "401102000", "netIncome": "175795000"}, {"fiscalDateEnding": "2021-06-30", "reportedCurrency": "USD", "grossProfit": "971123000", "totalRevenue": "1456755000", "costOfRevenue": "485632000", "costofGoodsAndServicesSold": "261325000", "operatingIncome": "49560000", "sellingGeneralAndAdministrative": "156307000", "researchAndDevelopment": "241600000", "operatingExpenses": "1145870000", "investmentIncomeNet": "None", "netInterestIncome": "None", "interestIncome": "None", "interestExpense": "None", "nonInterestIncome": "None", "otherNonOperatingIncome": "-1678000", "depreciation": "None", "depreciationAndAmortization": "179254000", "incomeBeforeTax": "47882000", "incomeTaxExpense": "15175000", "interestAndDebtExpense": "None", "netIncomeFromContinuingOperations": "32707000", "comprehensiveIncomeNetOfTax": "39404000", "ebit": "49560000", "ebitda": "227136000", "netIncome": "32707000"}, {"fiscalDateEnding": "2021-03-31", "reportedCurrency": "USD", "grossProfit": "1044757000", "totalRevenue": "1387778000", "costOfRevenue": "343021000", "costofGoodsAndServicesSold": "230656000", "operatingIncome": "218058000", "sellingGeneralAndAdministrative": "112365000", "researchAndDevelopment": "192327000", "operatingExpenses": "939064000", "investmentIncomeNet": "None", "netInterestIncome": "None", "interestIncome": "None", "interestExpense": "None", "nonInterestIncome": "None", "otherNonOperatingIncome": "1206000", "depreciation": "None", "depreciationAndAmortization": "175313000", "incomeBeforeTax": "219264000", "incomeTaxExpense": "47012000", "interestAndDebtExpense": "None", "netIncomeFromContinuingOperations": "172252000", "comprehensiveIncomeNetOfTax": "167632000", "ebit": "218058000", "ebitda": "394577000", "netIncome": "172252000"}, {"fiscalDateEnding": "2020-12-31", "reportedCurrency": "USD", "grossProfit": "1395025000", "totalRevenue": "1395025000", "costOfRevenue": "420259000", "costofGoodsAndServicesSold": "234673000", "operatingIncome": "177473000", "sellingGeneralAndAdministrative": "100586000", "researchAndDevelopment": "197906000", "operatingExpenses": "986533000", "investmentIncomeNet": "None", "netInterestIncome": "None", "interestIncome": "None", "interestExpense": "None", "nonInterestIncome": "3654000", "otherNonOperatingIncome": "-1341000", "depreciation": "None", "depreciationAndAmortization": "178436000", "incomeBeforeTax": "176132000", "incomeTaxExpense": "34627000", "interestAndDebtExpense": "None", "netIncomeFromContinuingOperations": "176132000", "comprehensiveIncomeNetOfTax": "158716000", "ebit": "177473000", "ebitda": "354568000", "netIncome": "141505000"}, {"fiscalDateEnding": "2020-09-30", "reportedCurrency": "USD", "grossProfit": "1019968000", "totalRevenue": "1368673000", "costOfRevenue": "348705000", "costofGoodsAndServicesSold": "231889000", "operatingIncome": "411820000", "sellingGeneralAndAdministrative": "116816000", "researchAndDevelopment": "186826000", "operatingExpenses": "941833000", "investmentIncomeNet": "None", "netInterestIncome": "None", "interestIncome": "None", "interestExpense": "None", "nonInterestIncome": "216869000", "otherNonOperatingIncome": "48020000", "depreciation": "None", "depreciationAndAmortization": "175046000", "incomeBeforeTax": "459840000", "incomeTaxExpense": "103164000", "interestAndDebtExpense": "None", "netIncomeFromContinuingOperations": "356676000", "comprehensiveIncomeNetOfTax": "368332000", "ebit": "411820000", "ebitda": "634886000", "netIncome": "356676000"}, {"fiscalDateEnding": "2020-06-30", "reportedCurrency": "USD", "grossProfit": "984054000", "totalRevenue": "1330349000", "costOfRevenue": "346295000", "costofGoodsAndServicesSold": "211963000", "operatingIncome": "146898000", "sellingGeneralAndAdministrative": "134332000", "researchAndDevelopment": "178955000", "operatingExpenses": "971488000", "investmentIncomeNet": "None", "netInterestIncome": "None", "interestIncome": "None", "interestExpense": "None", "nonInterestIncome": "None", "otherNonOperatingIncome": "24632000", "depreciation": "None", "depreciationAndAmortization": "171295000", "incomeBeforeTax": "171530000", "incomeTaxExpense": "36782000", "interestAndDebtExpense": "None", "netIncomeFromContinuingOperations": "134748000", "comprehensiveIncomeNetOfTax": "144440000", "ebit": "146898000", "ebitda": "342825000", "netIncome": "134748000"}, {"fiscalDateEnding": "2020-03-31", "reportedCurrency": "USD", "grossProfit": "1017473000", "totalRevenue": "1411741000", "costOfRevenue": "394268000", "costofGoodsAndServicesSold": "254416000", "operatingIncome": "178376000", "sellingGeneralAndAdministrative": "139852000", "researchAndDevelopment": "185320000", "operatingExpenses": "978949000", "investmentIncomeNet": "None", "netInterestIncome": "None", "interestIncome": "None", "interestExpense": "None", "nonInterestIncome": "None", "otherNonOperatingIncome": "5595000", "depreciation": "None", "depreciationAndAmortization": "172646000", "incomeBeforeTax": "183971000", "incomeTaxExpense": "36812000", "interestAndDebtExpense": "None", "netIncomeFromContinuingOperations": "147159000", "comprehensiveIncomeNetOfTax": "106456000", "ebit": "178376000", "ebitda": "356617000", "netIncome": "147159000"}, {"fiscalDateEnding": "2019-12-31", "reportedCurrency": "USD", "grossProfit": "1164846000", "totalRevenue": "1442232000", "costOfRevenue": "277386000", "costofGoodsAndServicesSold": "277386000", "operatingIncome": "182831000", "sellingGeneralAndAdministrative": "122293000", "researchAndDevelopment": "188202000", "operatingExpenses": "982015000", "investmentIncomeNet": "None", "netInterestIncome": "None", "interestIncome": "None", "interestExpense": "14469000", "nonInterestIncome": "0", "otherNonOperatingIncome": "8870000", "depreciation": "None", "depreciationAndAmortization": "178407000", "incomeBeforeTax": "191701000", "incomeTaxExpense": "37370000", "interestAndDebtExpense": "None", "netIncomeFromContinuingOperations": "191701000", "comprehensiveIncomeNetOfTax": "164221000", "ebit": "182831000", "ebitda": "384577000", "netIncome": "154331000"}, {"fiscalDateEnding": "2019-09-30", "reportedCurrency": "USD", "grossProfit": "1157650000", "totalRevenue": "1429428000", "costOfRevenue": "271778000", "costofGoodsAndServicesSold": "271778000", "operatingIncome": "88777000", "sellingGeneralAndAdministrative": "152321000", "researchAndDevelopment": "187526000", "operatingExpenses": "1068873000", "investmentIncomeNet": "None", "netInterestIncome": "None", "interestIncome": "None", "interestExpense": "-14469000", "nonInterestIncome": "0", "otherNonOperatingIncome": "13535000", "depreciation": "None", "depreciationAndAmortization": "173073000", "incomeBeforeTax": "102312000", "incomeTaxExpense": "20377000", "interestAndDebtExpense": "None", "netIncomeFromContinuingOperations": "81935000", "comprehensiveIncomeNetOfTax": "66233000", "ebit": "88777000", "ebitda": "275385000", "netIncome": "81935000"}, {"fiscalDateEnding": "2019-06-30", "reportedCurrency": "USD", "grossProfit": "1162388000", "totalRevenue": "1431061000", "costOfRevenue": "268673000", "costofGoodsAndServicesSold": "268673000", "operatingIncome": "131117000", "sellingGeneralAndAdministrative": "149788000", "researchAndDevelopment": "181047000", "operatingExpenses": "1031271000", "investmentIncomeNet": "None", "netInterestIncome": "None", "interestIncome": "None", "interestExpense": "-14469000", "nonInterestIncome": "None", "otherNonOperatingIncome": "23006000", "depreciation": "None", "depreciationAndAmortization": "169815000", "incomeBeforeTax": "154123000", "incomeTaxExpense": "27154000", "interestAndDebtExpense": "None", "netIncomeFromContinuingOperations": "126969000", "comprehensiveIncomeNetOfTax": "114715000", "ebit": "131117000", "ebitda": "323938000", "netIncome": "126969000"}, {"fiscalDateEnding": "2019-03-31", "reportedCurrency": "USD", "grossProfit": "1136673000", "totalRevenue": "1389877000", "costOfRevenue": "253204000", "costofGoodsAndServicesSold": "253204000", "operatingIncome": "197944000", "sellingGeneralAndAdministrative": "96196000", "researchAndDevelopment": "180361000", "operatingExpenses": "938729000", "investmentIncomeNet": "None", "netInterestIncome": "None", "interestIncome": "None", "interestExpense": "-14469000", "nonInterestIncome": "None", "otherNonOperatingIncome": "8432000", "depreciation": "None", "depreciationAndAmortization": "166671000", "incomeBeforeTax": "206376000", "incomeTaxExpense": "40157000", "interestAndDebtExpense": "None", "netIncomeFromContinuingOperations": "166219000", "comprehensiveIncomeNetOfTax": "169177000", "ebit": "197944000", "ebitda": "373047000", "netIncome": "166219000"}, {"fiscalDateEnding": "2018-12-31", "reportedCurrency": "USD", "grossProfit": "1128709000", "totalRevenue": "1365664000", "costOfRevenue": "236955000", "costofGoodsAndServicesSold": "236955000", "operatingIncome": "164127000", "sellingGeneralAndAdministrative": "98922000", "researchAndDevelopment": "181471000", "operatingExpenses": "964582000", "investmentIncomeNet": "None", "netInterestIncome": "None", "interestIncome": "None", "interestExpense": "7987000", "nonInterestIncome": "None", "otherNonOperatingIncome": "7662000", "depreciation": "None", "depreciationAndAmortization": "168891000", "incomeBeforeTax": "171789000", "incomeTaxExpense": "40469000", "interestAndDebtExpense": "None", "netIncomeFromContinuingOperations": "171789000", "comprehensiveIncomeNetOfTax": "128777000", "ebit": "164127000", "ebitda": "348667000", "netIncome": "131320000"}, {"fiscalDateEnding": "2018-09-30", "reportedCurrency": "USD", "grossProfit": "1109741000", "totalRevenue": "1340073000", "costOfRevenue": "230332000", "costofGoodsAndServicesSold": "230332000", "operatingIncome": "207156000", "sellingGeneralAndAdministrative": "102789000", "researchAndDevelopment": "172297000", "operatingExpenses": "902585000", "investmentIncomeNet": "None", "netInterestIncome": "None", "interestIncome": "None", "interestExpense": "-7987000", "nonInterestIncome": "None", "otherNonOperatingIncome": "6943000", "depreciation": "None", "depreciationAndAmortization": "161100000", "incomeBeforeTax": "214099000", "incomeTaxExpense": "44718000", "interestAndDebtExpense": "None", "netIncomeFromContinuingOperations": "169381000", "comprehensiveIncomeNetOfTax": "161027000", "ebit": "207156000", "ebitda": "375200000", "netIncome": "169381000"}, {"fiscalDateEnding": "2018-06-30", "reportedCurrency": "USD", "grossProfit": "1128944000", "totalRevenue": "1367727000", "costOfRevenue": "238783000", "costofGoodsAndServicesSold": "238783000", "operatingIncome": "208287000", "sellingGeneralAndAdministrative": "95464000", "researchAndDevelopment": "168278000", "operatingExpenses": "920657000", "investmentIncomeNet": "None", "netInterestIncome": "None", "interestIncome": "None", "interestExpense": "-7987000", "nonInterestIncome": "None", "otherNonOperatingIncome": "6597000", "depreciation": "None", "depreciationAndAmortization": "160053000", "incomeBeforeTax": "214884000", "incomeTaxExpense": "45527000", "interestAndDebtExpense": "None", "netIncomeFromContinuingOperations": "169357000", "comprehensiveIncomeNetOfTax": "148188000", "ebit": "208287000", "ebitda": "374937000", "netIncome": "169357000"}, {"fiscalDateEnding": "2018-03-31", "reportedCurrency": "USD", "grossProfit": "1061583000", "totalRevenue": "1292861000", "costOfRevenue": "231278000", "costofGoodsAndServicesSold": "231278000", "operatingIncome": "195215000", "sellingGeneralAndAdministrative": "92294000", "researchAndDevelopment": "161617000", "operatingExpenses": "866368000", "investmentIncomeNet": "None", "netInterestIncome": "None", "interestIncome": "None", "interestExpense": "-7987000", "nonInterestIncome": "None", "otherNonOperatingIncome": "4864000", "depreciation": "None", "depreciationAndAmortization": "152592000", "incomeBeforeTax": "200079000", "incomeTaxExpense": "40078000", "interestAndDebtExpense": "None", "netIncomeFromContinuingOperations": "160001000", "comprehensiveIncomeNetOfTax": "161897000", "ebit": "195215000", "ebitda": "352671000", "netIncome": "160001000"}, {"fiscalDateEnding": "2017-12-31", "reportedCurrency": "USD", "grossProfit": "1313785000", "totalRevenue": "1313785000", "costOfRevenue": "-34072000", "costofGoodsAndServicesSold": "229131000", "operatingIncome": "219051000", "sellingGeneralAndAdministrative": "139064000", "researchAndDevelopment": "162476000", "operatingExpenses": "865603000", "investmentIncomeNet": "None", "netInterestIncome": "None", "interestIncome": "None", "interestExpense": "8012000", "nonInterestIncome": "None", "otherNonOperatingIncome": "2604000", "depreciation": "None", "depreciationAndAmortization": "155500000", "incomeBeforeTax": "221655000", "incomeTaxExpense": "-115003000", "interestAndDebtExpense": "None", "netIncomeFromContinuingOperations": "221655000", "comprehensiveIncomeNetOfTax": "336017000", "ebit": "219051000", "ebitda": "531112000", "netIncome": "336658000"}, {"fiscalDateEnding": "2017-09-30", "reportedCurrency": "USD", "grossProfit": "988925000", "totalRevenue": "1276007000", "costOfRevenue": "287082000", "costofGoodsAndServicesSold": "202904000", "operatingIncome": "247906000", "sellingGeneralAndAdministrative": "84178000", "researchAndDevelopment": "153834000", "operatingExpenses": "825197000", "investmentIncomeNet": "None", "netInterestIncome": "None", "interestIncome": "None", "interestExpense": "None", "nonInterestIncome": "None", "otherNonOperatingIncome": "2509000", "depreciation": "None", "depreciationAndAmortization": "146352000", "incomeBeforeTax": "250415000", "incomeTaxExpense": "72991000", "interestAndDebtExpense": "None", "netIncomeFromContinuingOperations": "177424000", "comprehensiveIncomeNetOfTax": "188228000", "ebit": "247906000", "ebitda": "396767000", "netIncome": "177424000"}, {"fiscalDateEnding": "2017-06-30", "reportedCurrency": "USD", "grossProfit": "1291994000", "totalRevenue": "1291994000", "costOfRevenue": "313696000", "costofGoodsAndServicesSold": "223063000", "operatingIncome": "249388000", "sellingGeneralAndAdministrative": "90633000", "researchAndDevelopment": "142835000", "operatingExpenses": "819543000", "investmentIncomeNet": "None", "netInterestIncome": "None", "interestIncome": "None", "interestExpense": "None", "nonInterestIncome": "None", "otherNonOperatingIncome": "2661000", "depreciation": "None", "depreciationAndAmortization": "144100000", "incomeBeforeTax": "252049000", "incomeTaxExpense": "72366000", "interestAndDebtExpense": "None", "netIncomeFromContinuingOperations": "252049000", "comprehensiveIncomeNetOfTax": "195787000", "ebit": "249388000", "ebitda": "396200000", "netIncome": "179683000"}, {"fiscalDateEnding": "2017-03-31", "reportedCurrency": "USD", "grossProfit": "1260486000", "totalRevenue": "1260486000", "costOfRevenue": "287385000", "costofGoodsAndServicesSold": "198993000", "operatingIncome": "244126000", "sellingGeneralAndAdministrative": "88392000", "researchAndDevelopment": "145901000", "operatingExpenses": "817367000", "investmentIncomeNet": "None", "netInterestIncome": "None", "interestIncome": "None", "interestExpense": "None", "nonInterestIncome": "None", "otherNonOperatingIncome": "-1116000", "depreciation": "None", "depreciationAndAmortization": "134800000", "incomeBeforeTax": "243010000", "incomeTaxExpense": "69797000", "interestAndDebtExpense": "None", "netIncomeFromContinuingOperations": "243010000", "comprehensiveIncomeNetOfTax": "183729000", "ebit": "244126000", "ebitda": "377800000", "netIncome": "173213000"}, {"fiscalDateEnding": "2016-12-31", "reportedCurrency": "USD", "grossProfit": "1257819000", "totalRevenue": "1257819000", "costOfRevenue": "502219000", "costofGoodsAndServicesSold": "214997000", "operatingIncome": "212028000", "sellingGeneralAndAdministrative": "169222000", "researchAndDevelopment": "145967000", "operatingExpenses": "830794000", "investmentIncomeNet": "None", "netInterestIncome": "None", "interestIncome": "None", "interestExpense": "-4479000", "nonInterestIncome": "None", "otherNonOperatingIncome": "3687000", "depreciation": "None", "depreciationAndAmortization": "132851000", "incomeBeforeTax": "215715000", "incomeTaxExpense": "66024000", "interestAndDebtExpense": "None", "netIncomeFromContinuingOperations": "215715000", "comprehensiveIncomeNetOfTax": "124273000", "ebit": "212028000", "ebitda": "348566000", "netIncome": "149691000"}]}