{"symbol": "CFG", "annualReports": [{"fiscalDateEnding": "2020-12-31", "reportedCurrency": "USD", "grossProfit": "1298000000", "totalRevenue": "6905000000", "costOfRevenue": "5607000000", "costofGoodsAndServicesSold": "None", "operatingIncome": "-417000000", "sellingGeneralAndAdministrative": "1032000000", "researchAndDevelopment": "None", "operatingExpenses": "1462000000", "investmentIncomeNet": "None", "netInterestIncome": "4586000000", "interestIncome": "5357000000", "interestExpense": "771000000", "nonInterestIncome": "2319000000", "otherNonOperatingIncome": "None", "depreciation": "110000000", "depreciationAndAmortization": "11000000", "incomeBeforeTax": "1298000000", "incomeTaxExpense": "241000000", "interestAndDebtExpense": "771000000", "netIncomeFromContinuingOperations": "1057000000", "comprehensiveIncomeNetOfTax": "1408000000", "ebit": "2069000000", "ebitda": "2080000000", "netIncome": "1057000000"}, {"fiscalDateEnding": "2019-12-31", "reportedCurrency": "USD", "grossProfit": "2251000000", "totalRevenue": "6491000000", "costOfRevenue": "4240000000", "costofGoodsAndServicesSold": "None", "operatingIncome": "478000000", "sellingGeneralAndAdministrative": "984000000", "researchAndDevelopment": "None", "operatingExpenses": "1465000000", "investmentIncomeNet": "None", "netInterestIncome": "4614000000", "interestIncome": "6189000000", "interestExpense": "1575000000", "nonInterestIncome": "1877000000", "otherNonOperatingIncome": "None", "depreciation": "116000000", "depreciationAndAmortization": "11000000", "incomeBeforeTax": "2251000000", "incomeTaxExpense": "460000000", "interestAndDebtExpense": "1575000000", "netIncomeFromContinuingOperations": "1791000000", "comprehensiveIncomeNetOfTax": "2471000000", "ebit": "3826000000", "ebitda": "3837000000", "netIncome": "1791000000"}, {"fiscalDateEnding": "2018-12-31", "reportedCurrency": "USD", "grossProfit": "2183000000", "totalRevenue": "6128000000", "costOfRevenue": "3945000000", "costofGoodsAndServicesSold": "1552000000", "operatingIncome": "308000000", "sellingGeneralAndAdministrative": "1162000000", "researchAndDevelopment": "None", "operatingExpenses": "1660000000", "investmentIncomeNet": "None", "netInterestIncome": "4532000000", "interestIncome": "5758000000", "interestExpense": "1226000000", "nonInterestIncome": "1596000000", "otherNonOperatingIncome": "None", "depreciation": "117000000", "depreciationAndAmortization": "3000000", "incomeBeforeTax": "2183000000", "incomeTaxExpense": "462000000", "interestAndDebtExpense": "1226000000", "netIncomeFromContinuingOperations": "1721000000", "comprehensiveIncomeNetOfTax": "1445000000", "ebit": "3409000000", "ebitda": "3412000000", "netIncome": "1721000000"}, {"fiscalDateEnding": "2017-12-31", "reportedCurrency": "USD", "grossProfit": "1912000000", "totalRevenue": "5707000000", "costOfRevenue": "3795000000", "costofGoodsAndServicesSold": "1068000000", "operatingIncome": "-1686000000", "sellingGeneralAndAdministrative": "2800000000", "researchAndDevelopment": "None", "operatingExpenses": "3347000000", "investmentIncomeNet": "None", "netInterestIncome": "4173000000", "interestIncome": "4920000000", "interestExpense": "747000000", "nonInterestIncome": "1534000000", "otherNonOperatingIncome": "None", "depreciation": "124000000", "depreciationAndAmortization": "180000000", "incomeBeforeTax": "1912000000", "incomeTaxExpense": "260000000", "interestAndDebtExpense": "747000000", "netIncomeFromContinuingOperations": "1652000000", "comprehensiveIncomeNetOfTax": "1645000000", "ebit": "2659000000", "ebitda": "2839000000", "netIncome": "1652000000"}, {"fiscalDateEnding": "2016-12-31", "reportedCurrency": "USD", "grossProfit": "1534000000", "totalRevenue": "5255000000", "costOfRevenue": "3721000000", "costofGoodsAndServicesSold": "877000000", "operatingIncome": "-1939000000", "sellingGeneralAndAdministrative": "2699000000", "researchAndDevelopment": "None", "operatingExpenses": "3227000000", "investmentIncomeNet": "None", "netInterestIncome": "3758000000", "interestIncome": "4266000000", "interestExpense": "508000000", "nonInterestIncome": "1497000000", "otherNonOperatingIncome": "None", "depreciation": "130000000", "depreciationAndAmortization": "170000000", "incomeBeforeTax": "1534000000", "incomeTaxExpense": "489000000", "interestAndDebtExpense": "508000000", "netIncomeFromContinuingOperations": "1045000000", "comprehensiveIncomeNetOfTax": "764000000", "ebit": "2042000000", "ebitda": "None", "netIncome": "1045000000"}], "quarterlyReports": [{"fiscalDateEnding": "2021-09-30", "reportedCurrency": "USD", "grossProfit": "681000000", "totalRevenue": "1659000000", "costOfRevenue": "978000000", "costofGoodsAndServicesSold": "None", "operatingIncome": "212000000", "sellingGeneralAndAdministrative": "253000000", "researchAndDevelopment": "None", "operatingExpenses": "377000000", "investmentIncomeNet": "None", "netInterestIncome": "1145000000", "interestIncome": "1222000000", "interestExpense": "77000000", "nonInterestIncome": "514000000", "otherNonOperatingIncome": "None", "depreciation": "None", "depreciationAndAmortization": "136000000", "incomeBeforeTax": "681000000", "incomeTaxExpense": "151000000", "interestAndDebtExpense": "77000000", "netIncomeFromContinuingOperations": "530000000", "comprehensiveIncomeNetOfTax": "403000000", "ebit": "758000000", "ebitda": "894000000", "netIncome": "530000000"}, {"fiscalDateEnding": "2021-06-30", "reportedCurrency": "USD", "grossProfit": "831000000", "totalRevenue": "1609000000", "costOfRevenue": "778000000", "costofGoodsAndServicesSold": "None", "operatingIncome": "426000000", "sellingGeneralAndAdministrative": "250000000", "researchAndDevelopment": "None", "operatingExpenses": "343000000", "investmentIncomeNet": "None", "netInterestIncome": "1124000000", "interestIncome": "1211000000", "interestExpense": "87000000", "nonInterestIncome": "485000000", "otherNonOperatingIncome": "None", "depreciation": "None", "depreciationAndAmortization": "165000000", "incomeBeforeTax": "831000000", "incomeTaxExpense": "183000000", "interestAndDebtExpense": "87000000", "netIncomeFromContinuingOperations": "648000000", "comprehensiveIncomeNetOfTax": "678000000", "ebit": "918000000", "ebitda": "1083000000", "netIncome": "648000000"}, {"fiscalDateEnding": "2021-03-31", "reportedCurrency": "USD", "grossProfit": "781000000", "totalRevenue": "1659000000", "costOfRevenue": "878000000", "costofGoodsAndServicesSold": "None", "operatingIncome": "350000000", "sellingGeneralAndAdministrative": "268000000", "researchAndDevelopment": "None", "operatingExpenses": "359000000", "investmentIncomeNet": "None", "netInterestIncome": "1117000000", "interestIncome": "1216000000", "interestExpense": "99000000", "nonInterestIncome": "542000000", "otherNonOperatingIncome": "None", "depreciation": "None", "depreciationAndAmortization": "152000000", "incomeBeforeTax": "781000000", "incomeTaxExpense": "170000000", "interestAndDebtExpense": "99000000", "netIncomeFromContinuingOperations": "611000000", "comprehensiveIncomeNetOfTax": "260000000", "ebit": "880000000", "ebitda": "1032000000", "netIncome": "611000000"}, {"fiscalDateEnding": "2020-12-31", "reportedCurrency": "USD", "grossProfit": "571000000", "totalRevenue": "1707000000", "costOfRevenue": "1136000000", "costofGoodsAndServicesSold": "None", "operatingIncome": "182000000", "sellingGeneralAndAdministrative": "271000000", "researchAndDevelopment": "None", "operatingExpenses": "378000000", "investmentIncomeNet": "None", "netInterestIncome": "1129000000", "interestIncome": "1249000000", "interestExpense": "120000000", "nonInterestIncome": "578000000", "otherNonOperatingIncome": "None", "depreciation": "None", "depreciationAndAmortization": "5000000", "incomeBeforeTax": "571000000", "incomeTaxExpense": "115000000", "interestAndDebtExpense": "120000000", "netIncomeFromContinuingOperations": "456000000", "comprehensiveIncomeNetOfTax": "386000000", "ebit": "691000000", "ebitda": "696000000", "netIncome": "456000000"}, {"fiscalDateEnding": "2020-09-30", "reportedCurrency": "USD", "grossProfit": "375000000", "totalRevenue": "1791000000", "costOfRevenue": "1416000000", "costofGoodsAndServicesSold": "None", "operatingIncome": "-35000000", "sellingGeneralAndAdministrative": "244000000", "researchAndDevelopment": "None", "operatingExpenses": "339000000", "investmentIncomeNet": "None", "netInterestIncome": "1137000000", "interestIncome": "1280000000", "interestExpense": "143000000", "nonInterestIncome": "654000000", "otherNonOperatingIncome": "None", "depreciation": "None", "depreciationAndAmortization": "0", "incomeBeforeTax": "375000000", "incomeTaxExpense": "61000000", "interestAndDebtExpense": "143000000", "netIncomeFromContinuingOperations": "314000000", "comprehensiveIncomeNetOfTax": "230000000", "ebit": "518000000", "ebitda": "518000000", "netIncome": "314000000"}, {"fiscalDateEnding": "2020-06-30", "reportedCurrency": "USD", "grossProfit": "307000000", "totalRevenue": "1750000000", "costOfRevenue": "1443000000", "costofGoodsAndServicesSold": "None", "operatingIncome": "-128000000", "sellingGeneralAndAdministrative": "240000000", "researchAndDevelopment": "None", "operatingExpenses": "351000000", "investmentIncomeNet": "None", "netInterestIncome": "1160000000", "interestIncome": "1350000000", "interestExpense": "190000000", "nonInterestIncome": "590000000", "otherNonOperatingIncome": "None", "depreciation": "None", "depreciationAndAmortization": "3000000", "incomeBeforeTax": "307000000", "incomeTaxExpense": "54000000", "interestAndDebtExpense": "190000000", "netIncomeFromContinuingOperations": "253000000", "comprehensiveIncomeNetOfTax": "262000000", "ebit": "497000000", "ebitda": "500000000", "netIncome": "253000000"}, {"fiscalDateEnding": "2020-03-31", "reportedCurrency": "USD", "grossProfit": "45000000", "totalRevenue": "1657000000", "costOfRevenue": "1612000000", "costofGoodsAndServicesSold": "None", "operatingIncome": "-420000000", "sellingGeneralAndAdministrative": "264000000", "researchAndDevelopment": "None", "operatingExpenses": "378000000", "investmentIncomeNet": "None", "netInterestIncome": "1160000000", "interestIncome": "1478000000", "interestExpense": "318000000", "nonInterestIncome": "497000000", "otherNonOperatingIncome": "None", "depreciation": "None", "depreciationAndAmortization": "3000000", "incomeBeforeTax": "45000000", "incomeTaxExpense": "11000000", "interestAndDebtExpense": "318000000", "netIncomeFromContinuingOperations": "34000000", "comprehensiveIncomeNetOfTax": "530000000", "ebit": "363000000", "ebitda": "366000000", "netIncome": "34000000"}, {"fiscalDateEnding": "2019-12-31", "reportedCurrency": "USD", "grossProfit": "541000000", "totalRevenue": "1637000000", "costOfRevenue": "1096000000", "costofGoodsAndServicesSold": "None", "operatingIncome": "47000000", "sellingGeneralAndAdministrative": "253000000", "researchAndDevelopment": "None", "operatingExpenses": "385000000", "investmentIncomeNet": "None", "netInterestIncome": "1143000000", "interestIncome": "1501000000", "interestExpense": "358000000", "nonInterestIncome": "494000000", "otherNonOperatingIncome": "None", "depreciation": "None", "depreciationAndAmortization": "3000000", "incomeBeforeTax": "541000000", "incomeTaxExpense": "91000000", "interestAndDebtExpense": "358000000", "netIncomeFromContinuingOperations": "450000000", "comprehensiveIncomeNetOfTax": "479000000", "ebit": "899000000", "ebitda": "902000000", "netIncome": "450000000"}, {"fiscalDateEnding": "2019-09-30", "reportedCurrency": "USD", "grossProfit": "564000000", "totalRevenue": "1638000000", "costOfRevenue": "1074000000", "costofGoodsAndServicesSold": "None", "operatingIncome": "126000000", "sellingGeneralAndAdministrative": "239000000", "researchAndDevelopment": "None", "operatingExpenses": "366000000", "investmentIncomeNet": "None", "netInterestIncome": "1145000000", "interestIncome": "1538000000", "interestExpense": "393000000", "nonInterestIncome": "493000000", "otherNonOperatingIncome": "None", "depreciation": "None", "depreciationAndAmortization": "3000000", "incomeBeforeTax": "564000000", "incomeTaxExpense": "115000000", "interestAndDebtExpense": "393000000", "netIncomeFromContinuingOperations": "449000000", "comprehensiveIncomeNetOfTax": "497000000", "ebit": "957000000", "ebitda": "960000000", "netIncome": "449000000"}, {"fiscalDateEnding": "2019-06-30", "reportedCurrency": "USD", "grossProfit": "580000000", "totalRevenue": "1628000000", "costOfRevenue": "1048000000", "costofGoodsAndServicesSold": "None", "operatingIncome": "169000000", "sellingGeneralAndAdministrative": "228000000", "researchAndDevelopment": "None", "operatingExpenses": "346000000", "investmentIncomeNet": "None", "netInterestIncome": "1166000000", "interestIncome": "1580000000", "interestExpense": "414000000", "nonInterestIncome": "462000000", "otherNonOperatingIncome": "None", "depreciation": "None", "depreciationAndAmortization": "3000000", "incomeBeforeTax": "580000000", "incomeTaxExpense": "127000000", "interestAndDebtExpense": "414000000", "netIncomeFromContinuingOperations": "453000000", "comprehensiveIncomeNetOfTax": "758000000", "ebit": "994000000", "ebitda": "997000000", "netIncome": "453000000"}, {"fiscalDateEnding": "2019-03-31", "reportedCurrency": "USD", "grossProfit": "566000000", "totalRevenue": "1588000000", "costOfRevenue": "1022000000", "costofGoodsAndServicesSold": "None", "operatingIncome": "160000000", "sellingGeneralAndAdministrative": "240000000", "researchAndDevelopment": "None", "operatingExpenses": "344000000", "investmentIncomeNet": "None", "netInterestIncome": "1160000000", "interestIncome": "1570000000", "interestExpense": "410000000", "nonInterestIncome": "428000000", "otherNonOperatingIncome": "None", "depreciation": "None", "depreciationAndAmortization": "2000000", "incomeBeforeTax": "566000000", "incomeTaxExpense": "127000000", "interestAndDebtExpense": "410000000", "netIncomeFromContinuingOperations": "439000000", "comprehensiveIncomeNetOfTax": "737000000", "ebit": "976000000", "ebitda": "978000000", "netIncome": "439000000"}, {"fiscalDateEnding": "2018-12-31", "reportedCurrency": "USD", "grossProfit": "557000000", "totalRevenue": "1593000000", "costOfRevenue": "1036000000", "costofGoodsAndServicesSold": "455000000", "operatingIncome": "-91000000", "sellingGeneralAndAdministrative": "474000000", "researchAndDevelopment": "None", "operatingExpenses": "593000000", "investmentIncomeNet": "None", "netInterestIncome": "1172000000", "interestIncome": "1542000000", "interestExpense": "370000000", "nonInterestIncome": "421000000", "otherNonOperatingIncome": "None", "depreciation": "None", "depreciationAndAmortization": "2000000", "incomeBeforeTax": "557000000", "incomeTaxExpense": "92000000", "interestAndDebtExpense": "370000000", "netIncomeFromContinuingOperations": "465000000", "comprehensiveIncomeNetOfTax": "687000000", "ebit": "927000000", "ebitda": "929000000", "netIncome": "465000000"}, {"fiscalDateEnding": "2018-09-30", "reportedCurrency": "USD", "grossProfit": "576000000", "totalRevenue": "1564000000", "costOfRevenue": "988000000", "costofGoodsAndServicesSold": "407000000", "operatingIncome": "165000000", "sellingGeneralAndAdministrative": "224000000", "researchAndDevelopment": "None", "operatingExpenses": "356000000", "investmentIncomeNet": "None", "netInterestIncome": "1148000000", "interestIncome": "1477000000", "interestExpense": "329000000", "nonInterestIncome": "416000000", "otherNonOperatingIncome": "None", "depreciation": "None", "depreciationAndAmortization": "1000000", "incomeBeforeTax": "576000000", "incomeTaxExpense": "133000000", "interestAndDebtExpense": "329000000", "netIncomeFromContinuingOperations": "443000000", "comprehensiveIncomeNetOfTax": "335000000", "ebit": "905000000", "ebitda": "906000000", "netIncome": "443000000"}, {"fiscalDateEnding": "2018-06-30", "reportedCurrency": "USD", "grossProfit": "549000000", "totalRevenue": "1509000000", "costOfRevenue": "960000000", "costofGoodsAndServicesSold": "375000000", "operatingIncome": "-303000000", "sellingGeneralAndAdministrative": "672000000", "researchAndDevelopment": "None", "operatingExpenses": "799000000", "investmentIncomeNet": "None", "netInterestIncome": "1121000000", "interestIncome": "1411000000", "interestExpense": "290000000", "nonInterestIncome": "388000000", "otherNonOperatingIncome": "None", "depreciation": "None", "depreciationAndAmortization": "121000000", "incomeBeforeTax": "549000000", "incomeTaxExpense": "124000000", "interestAndDebtExpense": "290000000", "netIncomeFromContinuingOperations": "425000000", "comprehensiveIncomeNetOfTax": "360000000", "ebit": "839000000", "ebitda": "None", "netIncome": "425000000"}, {"fiscalDateEnding": "2018-03-31", "reportedCurrency": "USD", "grossProfit": "501000000", "totalRevenue": "1462000000", "costOfRevenue": "961000000", "costofGoodsAndServicesSold": "315000000", "operatingIncome": "-346000000", "sellingGeneralAndAdministrative": "675000000", "researchAndDevelopment": "None", "operatingExpenses": "795000000", "investmentIncomeNet": "None", "netInterestIncome": "1091000000", "interestIncome": "1328000000", "interestExpense": "237000000", "nonInterestIncome": "371000000", "otherNonOperatingIncome": "None", "depreciation": "None", "depreciationAndAmortization": "122000000", "incomeBeforeTax": "501000000", "incomeTaxExpense": "113000000", "interestAndDebtExpense": "237000000", "netIncomeFromContinuingOperations": "388000000", "comprehensiveIncomeNetOfTax": "63000000", "ebit": "738000000", "ebitda": "None", "netIncome": "388000000"}, {"fiscalDateEnding": "2017-12-31", "reportedCurrency": "USD", "grossProfit": "503000000", "totalRevenue": "1484000000", "costOfRevenue": "981000000", "costofGoodsAndServicesSold": "294000000", "operatingIncome": "-585000000", "sellingGeneralAndAdministrative": "881000000", "researchAndDevelopment": "None", "operatingExpenses": "1019000000", "investmentIncomeNet": "None", "netInterestIncome": "1080000000", "interestIncome": "1291000000", "interestExpense": "211000000", "nonInterestIncome": "404000000", "otherNonOperatingIncome": "None", "depreciation": "None", "depreciationAndAmortization": "114000000", "incomeBeforeTax": "503000000", "incomeTaxExpense": "-163000000", "interestAndDebtExpense": "211000000", "netIncomeFromContinuingOperations": "666000000", "comprehensiveIncomeNetOfTax": "572000000", "ebit": "714000000", "ebitda": "None", "netIncome": "666000000"}, {"fiscalDateEnding": "2017-09-30", "reportedCurrency": "USD", "grossProfit": "513000000", "totalRevenue": "1443000000", "costOfRevenue": "930000000", "costofGoodsAndServicesSold": "274000000", "operatingIncome": "-318000000", "sellingGeneralAndAdministrative": "640000000", "researchAndDevelopment": "None", "operatingExpenses": "775000000", "investmentIncomeNet": "None", "netInterestIncome": "1062000000", "interestIncome": "1264000000", "interestExpense": "202000000", "nonInterestIncome": "381000000", "otherNonOperatingIncome": "None", "depreciation": "None", "depreciationAndAmortization": "131000000", "incomeBeforeTax": "513000000", "incomeTaxExpense": "165000000", "interestAndDebtExpense": "202000000", "netIncomeFromContinuingOperations": "348000000", "comprehensiveIncomeNetOfTax": "360000000", "ebit": "715000000", "ebitda": "None", "netIncome": "348000000"}, {"fiscalDateEnding": "2017-06-30", "reportedCurrency": "USD", "grossProfit": "462000000", "totalRevenue": "1396000000", "costOfRevenue": "934000000", "costofGoodsAndServicesSold": "249000000", "operatingIncome": "-393000000", "sellingGeneralAndAdministrative": "636000000", "researchAndDevelopment": "None", "operatingExpenses": "784000000", "investmentIncomeNet": "None", "netInterestIncome": "1026000000", "interestIncome": "1205000000", "interestExpense": "179000000", "nonInterestIncome": "370000000", "otherNonOperatingIncome": "None", "depreciation": "None", "depreciationAndAmortization": "132000000", "incomeBeforeTax": "462000000", "incomeTaxExpense": "144000000", "interestAndDebtExpense": "179000000", "netIncomeFromContinuingOperations": "318000000", "comprehensiveIncomeNetOfTax": "408000000", "ebit": "641000000", "ebitda": "None", "netIncome": "318000000"}, {"fiscalDateEnding": "2017-03-31", "reportedCurrency": "USD", "grossProfit": "434000000", "totalRevenue": "1384000000", "costOfRevenue": "950000000", "costofGoodsAndServicesSold": "251000000", "operatingIncome": "-390000000", "sellingGeneralAndAdministrative": "643000000", "researchAndDevelopment": "None", "operatingExpenses": "769000000", "investmentIncomeNet": "None", "netInterestIncome": "1005000000", "interestIncome": "1160000000", "interestExpense": "155000000", "nonInterestIncome": "379000000", "otherNonOperatingIncome": "None", "depreciation": "None", "depreciationAndAmortization": "125000000", "incomeBeforeTax": "434000000", "incomeTaxExpense": "114000000", "interestAndDebtExpense": "155000000", "netIncomeFromContinuingOperations": "320000000", "comprehensiveIncomeNetOfTax": "305000000", "ebit": "589000000", "ebitda": "None", "netIncome": "320000000"}, {"fiscalDateEnding": "2016-12-31", "reportedCurrency": "USD", "grossProfit": "414000000", "totalRevenue": "1363000000", "costOfRevenue": "949000000", "costofGoodsAndServicesSold": "238000000", "operatingIncome": "-574000000", "sellingGeneralAndAdministrative": "828000000", "researchAndDevelopment": "None", "operatingExpenses": "971000000", "investmentIncomeNet": "None", "netInterestIncome": "986000000", "interestIncome": "1122000000", "interestExpense": "136000000", "nonInterestIncome": "377000000", "otherNonOperatingIncome": "None", "depreciation": "None", "depreciationAndAmortization": "136000000", "incomeBeforeTax": "414000000", "incomeTaxExpense": "132000000", "interestAndDebtExpense": "136000000", "netIncomeFromContinuingOperations": "282000000", "comprehensiveIncomeNetOfTax": "-199000000", "ebit": "550000000", "ebitda": "None", "netIncome": "282000000"}]}