{"symbol": "CHRW", "annualReports": [{"fiscalDateEnding": "2020-12-31", "reportedCurrency": "USD", "grossProfit": "14322395000", "totalRevenue": "16207106000", "costOfRevenue": "1884711000", "costofGoodsAndServicesSold": "15037716000", "operatingIncome": "673268000", "sellingGeneralAndAdministrative": "540117000", "researchAndDevelopment": "None", "operatingExpenses": "657974000", "investmentIncomeNet": "None", "netInterestIncome": "-44937000", "interestIncome": "None", "interestExpense": "44937000", "nonInterestIncome": "16207106000", "otherNonOperatingIncome": "None", "depreciation": "42890000", "depreciationAndAmortization": "101727000", "incomeBeforeTax": "628331000", "incomeTaxExpense": "121910000", "interestAndDebtExpense": "None", "netIncomeFromContinuingOperations": "506421000", "comprehensiveIncomeNetOfTax": "536572000", "ebit": "673268000", "ebitda": "774995000", "netIncome": "506421000"}, {"fiscalDateEnding": "2019-12-31", "reportedCurrency": "USD", "grossProfit": "13373642000", "totalRevenue": "15309508000", "costOfRevenue": "1935866000", "costofGoodsAndServicesSold": "14021726000", "operatingIncome": "789976000", "sellingGeneralAndAdministrative": "536889000", "researchAndDevelopment": "None", "operatingExpenses": "643191000", "investmentIncomeNet": "None", "netInterestIncome": "-47719000", "interestIncome": "-47719000", "interestExpense": "47719000", "nonInterestIncome": "15309508000", "otherNonOperatingIncome": "None", "depreciation": "45016000", "depreciationAndAmortization": "100449000", "incomeBeforeTax": "742257000", "incomeTaxExpense": "165289000", "interestAndDebtExpense": "None", "netIncomeFromContinuingOperations": "576968000", "comprehensiveIncomeNetOfTax": "572754000", "ebit": "789976000", "ebitda": "890425000", "netIncome": "576968000"}, {"fiscalDateEnding": "2018-12-31", "reportedCurrency": "USD", "grossProfit": "14581173000", "totalRevenue": "16631172000", "costOfRevenue": "2049999000", "costofGoodsAndServicesSold": "15269479000", "operatingIncome": "912083000", "sellingGeneralAndAdministrative": "609728000", "researchAndDevelopment": "None", "operatingExpenses": "722091000", "investmentIncomeNet": "None", "netInterestIncome": "-31810000", "interestIncome": "-31810000", "interestExpense": "31810000", "nonInterestIncome": "16631172000", "otherNonOperatingIncome": "None", "depreciation": "45155000", "depreciationAndAmortization": "96729000", "incomeBeforeTax": "880273000", "incomeTaxExpense": "215768000", "interestAndDebtExpense": "None", "netIncomeFromContinuingOperations": "664505000", "comprehensiveIncomeNetOfTax": "611030000", "ebit": "912083000", "ebitda": "1008812000", "netIncome": "664505000"}, {"fiscalDateEnding": "2017-12-31", "reportedCurrency": "USD", "grossProfit": "11878568000", "totalRevenue": "14869380000", "costOfRevenue": "2990812000", "costofGoodsAndServicesSold": "1244040000", "operatingIncome": "775119000", "sellingGeneralAndAdministrative": "1653795000", "researchAndDevelopment": "None", "operatingExpenses": "1760261000", "investmentIncomeNet": "None", "netInterestIncome": "-46656000", "interestIncome": "-46656000", "interestExpense": "46656000", "nonInterestIncome": "14869380000", "otherNonOperatingIncome": "None", "depreciation": "42817000", "depreciationAndAmortization": "92977000", "incomeBeforeTax": "728463000", "incomeTaxExpense": "223570000", "interestAndDebtExpense": "None", "netIncomeFromContinuingOperations": "504893000", "comprehensiveIncomeNetOfTax": "547875000", "ebit": "775119000", "ebitda": "868096000", "netIncome": "504893000"}, {"fiscalDateEnding": "2016-12-31", "reportedCurrency": "USD", "grossProfit": "10257626000", "totalRevenue": "13144413000", "costOfRevenue": "2886787000", "costofGoodsAndServicesSold": "1316951000", "operatingIncome": "837531000", "sellingGeneralAndAdministrative": "1495167000", "researchAndDevelopment": "None", "operatingExpenses": "1574972000", "investmentIncomeNet": "None", "netInterestIncome": "-25581000", "interestIncome": "-25581000", "interestExpense": "25581000", "nonInterestIncome": "13144413000", "otherNonOperatingIncome": "None", "depreciation": "36212000", "depreciationAndAmortization": "74669000", "incomeBeforeTax": "811950000", "incomeTaxExpense": "298566000", "interestAndDebtExpense": "None", "netIncomeFromContinuingOperations": "513384000", "comprehensiveIncomeNetOfTax": "489888000", "ebit": "837531000", "ebitda": "912200000", "netIncome": "513384000"}], "quarterlyReports": [{"fiscalDateEnding": "2021-09-30", "reportedCurrency": "USD", "grossProfit": "5667054000", "totalRevenue": "6263695000", "costOfRevenue": "596641000", "costofGoodsAndServicesSold": "5819383000", "operatingIncome": "310769000", "sellingGeneralAndAdministrative": "174355000", "researchAndDevelopment": "None", "operatingExpenses": "196761000", "investmentIncomeNet": "None", "netInterestIncome": "-16662000", "interestIncome": "None", "interestExpense": "16662000", "nonInterestIncome": "6263695000", "otherNonOperatingIncome": "None", "depreciation": "None", "depreciationAndAmortization": "22406000", "incomeBeforeTax": "294107000", "incomeTaxExpense": "47054000", "interestAndDebtExpense": "None", "netIncomeFromContinuingOperations": "247053000", "comprehensiveIncomeNetOfTax": "235019000", "ebit": "310769000", "ebitda": "333175000", "netIncome": "247053000"}, {"fiscalDateEnding": "2021-06-30", "reportedCurrency": "USD", "grossProfit": "4992056000", "totalRevenue": "5532726000", "costOfRevenue": "540670000", "costofGoodsAndServicesSold": "5146451000", "operatingIncome": "260604000", "sellingGeneralAndAdministrative": "154832000", "researchAndDevelopment": "None", "operatingExpenses": "177769000", "investmentIncomeNet": "None", "netInterestIncome": "-13497000", "interestIncome": "None", "interestExpense": "13497000", "nonInterestIncome": "5532726000", "otherNonOperatingIncome": "None", "depreciation": "None", "depreciationAndAmortization": "22937000", "incomeBeforeTax": "247107000", "incomeTaxExpense": "53318000", "interestAndDebtExpense": "None", "netIncomeFromContinuingOperations": "193789000", "comprehensiveIncomeNetOfTax": "193627000", "ebit": "260604000", "ebitda": "283541000", "netIncome": "193789000"}, {"fiscalDateEnding": "2021-03-31", "reportedCurrency": "USD", "grossProfit": "4277551000", "totalRevenue": "4803869000", "costOfRevenue": "526318000", "costofGoodsAndServicesSold": "4462324000", "operatingIncome": "223329000", "sellingGeneralAndAdministrative": "142205000", "researchAndDevelopment": "None", "operatingExpenses": "164049000", "investmentIncomeNet": "None", "netInterestIncome": "-11260000", "interestIncome": "None", "interestExpense": "11260000", "nonInterestIncome": "4803869000", "otherNonOperatingIncome": "None", "depreciation": "None", "depreciationAndAmortization": "23278000", "incomeBeforeTax": "212069000", "incomeTaxExpense": "38764000", "interestAndDebtExpense": "None", "netIncomeFromContinuingOperations": "173305000", "comprehensiveIncomeNetOfTax": "166019000", "ebit": "223329000", "ebitda": "246607000", "netIncome": "173305000"}, {"fiscalDateEnding": "2020-12-31", "reportedCurrency": "USD", "grossProfit": "4080148000", "totalRevenue": "4549452000", "costOfRevenue": "469304000", "costofGoodsAndServicesSold": "4218134000", "operatingIncome": "206802000", "sellingGeneralAndAdministrative": "135384000", "researchAndDevelopment": "None", "operatingExpenses": "164504000", "investmentIncomeNet": "None", "netInterestIncome": "-12033000", "interestIncome": "None", "interestExpense": "12033000", "nonInterestIncome": "4549452000", "otherNonOperatingIncome": "None", "depreciation": "None", "depreciationAndAmortization": "24660000", "incomeBeforeTax": "194769000", "incomeTaxExpense": "46962000", "interestAndDebtExpense": "None", "netIncomeFromContinuingOperations": "147807000", "comprehensiveIncomeNetOfTax": "172664000", "ebit": "206802000", "ebitda": "231462000", "netIncome": "147807000"}, {"fiscalDateEnding": "2020-09-30", "reportedCurrency": "USD", "grossProfit": "3766074000", "totalRevenue": "4224800000", "costOfRevenue": "458726000", "costofGoodsAndServicesSold": "3938431000", "operatingIncome": "168239000", "sellingGeneralAndAdministrative": "128906000", "researchAndDevelopment": "None", "operatingExpenses": "155822000", "investmentIncomeNet": "None", "netInterestIncome": "-7465000", "interestIncome": "None", "interestExpense": "7465000", "nonInterestIncome": "4224800000", "otherNonOperatingIncome": "None", "depreciation": "None", "depreciationAndAmortization": "26916000", "incomeBeforeTax": "160774000", "incomeTaxExpense": "24245000", "interestAndDebtExpense": "None", "netIncomeFromContinuingOperations": "136529000", "comprehensiveIncomeNetOfTax": "149765000", "ebit": "168239000", "ebitda": "195155000", "netIncome": "136529000"}, {"fiscalDateEnding": "2020-06-30", "reportedCurrency": "USD", "grossProfit": "3165468000", "totalRevenue": "3627846000", "costOfRevenue": "462378000", "costofGoodsAndServicesSold": "3313876000", "operatingIncome": "188787000", "sellingGeneralAndAdministrative": "136137000", "researchAndDevelopment": "None", "operatingExpenses": "161895000", "investmentIncomeNet": "None", "netInterestIncome": "-10211000", "interestIncome": "None", "interestExpense": "10211000", "nonInterestIncome": "3627846000", "otherNonOperatingIncome": "None", "depreciation": "None", "depreciationAndAmortization": "25758000", "incomeBeforeTax": "178576000", "incomeTaxExpense": "34637000", "interestAndDebtExpense": "None", "netIncomeFromContinuingOperations": "143939000", "comprehensiveIncomeNetOfTax": "168192000", "ebit": "188787000", "ebitda": "214545000", "netIncome": "143939000"}, {"fiscalDateEnding": "2020-03-31", "reportedCurrency": "USD", "grossProfit": "3310705000", "totalRevenue": "3805008000", "costOfRevenue": "494303000", "costofGoodsAndServicesSold": "3567275000", "operatingIncome": "109440000", "sellingGeneralAndAdministrative": "139690000", "researchAndDevelopment": "None", "operatingExpenses": "169155000", "investmentIncomeNet": "None", "netInterestIncome": "-15228000", "interestIncome": "-15228000", "interestExpense": "15228000", "nonInterestIncome": "3805008000", "otherNonOperatingIncome": "None", "depreciation": "None", "depreciationAndAmortization": "24393000", "incomeBeforeTax": "94212000", "incomeTaxExpense": "16066000", "interestAndDebtExpense": "None", "netIncomeFromContinuingOperations": "78146000", "comprehensiveIncomeNetOfTax": "45951000", "ebit": "109440000", "ebitda": "133833000", "netIncome": "78146000"}, {"fiscalDateEnding": "2019-12-31", "reportedCurrency": "USD", "grossProfit": "3351269000", "totalRevenue": "3793326000", "costOfRevenue": "442057000", "costofGoodsAndServicesSold": "3513444000", "operatingIncome": "136806000", "sellingGeneralAndAdministrative": "143076000", "researchAndDevelopment": "None", "operatingExpenses": "143076000", "investmentIncomeNet": "None", "netInterestIncome": "-10784000", "interestIncome": "-10784000", "interestExpense": "10784000", "nonInterestIncome": "3793326000", "otherNonOperatingIncome": "None", "depreciation": "None", "depreciationAndAmortization": "25327000", "incomeBeforeTax": "126022000", "incomeTaxExpense": "26916000", "interestAndDebtExpense": "None", "netIncomeFromContinuingOperations": "-176075000", "comprehensiveIncomeNetOfTax": "113859000", "ebit": "136806000", "ebitda": "162133000", "netIncome": "99106000"}, {"fiscalDateEnding": "2019-09-30", "reportedCurrency": "USD", "grossProfit": "3389456000", "totalRevenue": "3856132000", "costOfRevenue": "466676000", "costofGoodsAndServicesSold": "3543264000", "operatingIncome": "201085000", "sellingGeneralAndAdministrative": "120633000", "researchAndDevelopment": "None", "operatingExpenses": "146113000", "investmentIncomeNet": "None", "netInterestIncome": "-13180000", "interestIncome": "-13180000", "interestExpense": "13180000", "nonInterestIncome": "3856132000", "otherNonOperatingIncome": "None", "depreciation": "None", "depreciationAndAmortization": "25480000", "incomeBeforeTax": "187905000", "incomeTaxExpense": "41011000", "interestAndDebtExpense": "None", "netIncomeFromContinuingOperations": "146894000", "comprehensiveIncomeNetOfTax": "128318000", "ebit": "201085000", "ebitda": "226565000", "netIncome": "146894000"}, {"fiscalDateEnding": "2019-06-30", "reportedCurrency": "USD", "grossProfit": "3401393000", "totalRevenue": "3908840000", "costOfRevenue": "507447000", "costofGoodsAndServicesSold": "3552510000", "operatingIncome": "227535000", "sellingGeneralAndAdministrative": "143479000", "researchAndDevelopment": "None", "operatingExpenses": "168561000", "investmentIncomeNet": "None", "netInterestIncome": "-6615000", "interestIncome": "-6615000", "interestExpense": "6615000", "nonInterestIncome": "3908840000", "otherNonOperatingIncome": "None", "depreciation": "None", "depreciationAndAmortization": "25082000", "incomeBeforeTax": "220920000", "incomeTaxExpense": "51740000", "interestAndDebtExpense": "None", "netIncomeFromContinuingOperations": "169180000", "comprehensiveIncomeNetOfTax": "163492000", "ebit": "227535000", "ebitda": "252617000", "netIncome": "169180000"}, {"fiscalDateEnding": "2019-03-31", "reportedCurrency": "USD", "grossProfit": "3255277000", "totalRevenue": "3751210000", "costOfRevenue": "495933000", "costofGoodsAndServicesSold": "3412508000", "operatingIncome": "224550000", "sellingGeneralAndAdministrative": "131275000", "researchAndDevelopment": "None", "operatingExpenses": "157609000", "investmentIncomeNet": "None", "netInterestIncome": "-17140000", "interestIncome": "-17140000", "interestExpense": "17140000", "nonInterestIncome": "3751210000", "otherNonOperatingIncome": "None", "depreciation": "None", "depreciationAndAmortization": "24560000", "incomeBeforeTax": "207410000", "incomeTaxExpense": "45622000", "interestAndDebtExpense": "None", "netIncomeFromContinuingOperations": "161788000", "comprehensiveIncomeNetOfTax": "167085000", "ebit": "224550000", "ebitda": "249110000", "netIncome": "161788000"}, {"fiscalDateEnding": "2018-12-31", "reportedCurrency": "USD", "grossProfit": "3679642000", "totalRevenue": "4137908000", "costOfRevenue": "458266000", "costofGoodsAndServicesSold": "3763441000", "operatingIncome": "255517000", "sellingGeneralAndAdministrative": "118950000", "researchAndDevelopment": "None", "operatingExpenses": "118950000", "investmentIncomeNet": "None", "netInterestIncome": "None", "interestIncome": "None", "interestExpense": "9456000", "nonInterestIncome": "4137908000", "otherNonOperatingIncome": "None", "depreciation": "None", "depreciationAndAmortization": "24327000", "incomeBeforeTax": "246061000", "incomeTaxExpense": "58911000", "interestAndDebtExpense": "None", "netIncomeFromContinuingOperations": "-83799000", "comprehensiveIncomeNetOfTax": "172629000", "ebit": "255517000", "ebitda": "279844000", "netIncome": "187150000"}, {"fiscalDateEnding": "2018-09-30", "reportedCurrency": "USD", "grossProfit": "198279000", "totalRevenue": "694044000", "costOfRevenue": "495765000", "costofGoodsAndServicesSold": "3933155000", "operatingIncome": "245973000", "sellingGeneralAndAdministrative": "136543000", "researchAndDevelopment": "None", "operatingExpenses": "160466000", "investmentIncomeNet": "None", "netInterestIncome": "None", "interestIncome": "None", "interestExpense": "6526000", "nonInterestIncome": "4291900000", "otherNonOperatingIncome": "None", "depreciation": "None", "depreciationAndAmortization": "23923000", "incomeBeforeTax": "239447000", "incomeTaxExpense": "63552000", "interestAndDebtExpense": "None", "netIncomeFromContinuingOperations": "175895000", "comprehensiveIncomeNetOfTax": "165018000", "ebit": "245973000", "ebitda": "269896000", "netIncome": "175895000"}, {"fiscalDateEnding": "2018-06-30", "reportedCurrency": "USD", "grossProfit": "168200000", "totalRevenue": "671483000", "costOfRevenue": "503283000", "costofGoodsAndServicesSold": "3945184000", "operatingIncome": "219008000", "sellingGeneralAndAdministrative": "138415000", "researchAndDevelopment": "None", "operatingExpenses": "162653000", "investmentIncomeNet": "None", "netInterestIncome": "None", "interestIncome": "None", "interestExpense": "5128000", "nonInterestIncome": "4276037000", "otherNonOperatingIncome": "None", "depreciation": "None", "depreciationAndAmortization": "24238000", "incomeBeforeTax": "213880000", "incomeTaxExpense": "54717000", "interestAndDebtExpense": "None", "netIncomeFromContinuingOperations": "159163000", "comprehensiveIncomeNetOfTax": "131651000", "ebit": "219008000", "ebitda": "243246000", "netIncome": "159163000"}, {"fiscalDateEnding": "2018-03-31", "reportedCurrency": "USD", "grossProfit": "3537243000", "totalRevenue": "3925327000", "costOfRevenue": "388084000", "costofGoodsAndServicesSold": "257800000", "operatingIncome": "191585000", "sellingGeneralAndAdministrative": "106043000", "researchAndDevelopment": "None", "operatingExpenses": "137237000", "investmentIncomeNet": "None", "netInterestIncome": "None", "interestIncome": "None", "interestExpense": "10700000", "nonInterestIncome": "3925327000", "otherNonOperatingIncome": "None", "depreciation": "None", "depreciationAndAmortization": "24241000", "incomeBeforeTax": "180885000", "incomeTaxExpense": "38588000", "interestAndDebtExpense": "None", "netIncomeFromContinuingOperations": "142297000", "comprehensiveIncomeNetOfTax": "141732000", "ebit": "191585000", "ebitda": "215826000", "netIncome": "142297000"}, {"fiscalDateEnding": "2017-12-31", "reportedCurrency": "USD", "grossProfit": "3253310000", "totalRevenue": "3959786000", "costOfRevenue": "706476000", "costofGoodsAndServicesSold": "285503000", "operatingIncome": "210876000", "sellingGeneralAndAdministrative": "420973000", "researchAndDevelopment": "None", "operatingExpenses": "420973000", "investmentIncomeNet": "None", "netInterestIncome": "None", "interestIncome": "None", "interestExpense": "17502000", "nonInterestIncome": "3959786000", "otherNonOperatingIncome": "None", "depreciation": "None", "depreciationAndAmortization": "23637000", "incomeBeforeTax": "193374000", "incomeTaxExpense": "40818000", "interestAndDebtExpense": "None", "netIncomeFromContinuingOperations": "210876000", "comprehensiveIncomeNetOfTax": "156976000", "ebit": "210876000", "ebitda": "234513000", "netIncome": "152556000"}, {"fiscalDateEnding": "2017-09-30", "reportedCurrency": "USD", "grossProfit": "3333322000", "totalRevenue": "593846000", "costOfRevenue": "451129000", "costofGoodsAndServicesSold": "320989000", "operatingIncome": "194465000", "sellingGeneralAndAdministrative": "106177000", "researchAndDevelopment": "None", "operatingExpenses": "130140000", "investmentIncomeNet": "None", "netInterestIncome": "None", "interestIncome": "None", "interestExpense": "10484000", "nonInterestIncome": "3784451000", "otherNonOperatingIncome": "None", "depreciation": "None", "depreciationAndAmortization": "23963000", "incomeBeforeTax": "183981000", "incomeTaxExpense": "64795000", "interestAndDebtExpense": "None", "netIncomeFromContinuingOperations": "119186000", "comprehensiveIncomeNetOfTax": "133612000", "ebit": "194465000", "ebitda": "218428000", "netIncome": "119186000"}, {"fiscalDateEnding": "2017-06-30", "reportedCurrency": "USD", "grossProfit": "3224449000", "totalRevenue": "573789000", "costOfRevenue": "485569000", "costofGoodsAndServicesSold": "354874000", "operatingIncome": "181820000", "sellingGeneralAndAdministrative": "107749000", "researchAndDevelopment": "None", "operatingExpenses": "130695000", "investmentIncomeNet": "None", "netInterestIncome": "None", "interestIncome": "None", "interestExpense": "9368000", "nonInterestIncome": "3710018000", "otherNonOperatingIncome": "None", "depreciation": "None", "depreciationAndAmortization": "22946000", "incomeBeforeTax": "172452000", "incomeTaxExpense": "61381000", "interestAndDebtExpense": "None", "netIncomeFromContinuingOperations": "111071000", "comprehensiveIncomeNetOfTax": "117802000", "ebit": "181820000", "ebitda": "204766000", "netIncome": "111071000"}, {"fiscalDateEnding": "2017-03-31", "reportedCurrency": "USD", "grossProfit": "3019916000", "totalRevenue": "3415125000", "costOfRevenue": "395209000", "costofGoodsAndServicesSold": "282674000", "operatingIncome": "187958000", "sellingGeneralAndAdministrative": "90104000", "researchAndDevelopment": "None", "operatingExpenses": "116638000", "investmentIncomeNet": "None", "netInterestIncome": "None", "interestIncome": "None", "interestExpense": "9302000", "nonInterestIncome": "3415125000", "otherNonOperatingIncome": "None", "depreciation": "None", "depreciationAndAmortization": "22431000", "incomeBeforeTax": "178656000", "incomeTaxExpense": "56576000", "interestAndDebtExpense": "None", "netIncomeFromContinuingOperations": "122080000", "comprehensiveIncomeNetOfTax": "139485000", "ebit": "187958000", "ebitda": "210389000", "netIncome": "122080000"}, {"fiscalDateEnding": "2016-12-31", "reportedCurrency": "USD", "grossProfit": "2768943000", "totalRevenue": "3414975000", "costOfRevenue": "646032000", "costofGoodsAndServicesSold": "278081000", "operatingIncome": "193565000", "sellingGeneralAndAdministrative": "367951000", "researchAndDevelopment": "None", "operatingExpenses": "367951000", "investmentIncomeNet": "None", "netInterestIncome": "None", "interestIncome": "None", "interestExpense": "3118000", "nonInterestIncome": "None", "otherNonOperatingIncome": "None", "depreciation": "None", "depreciationAndAmortization": "21953000", "incomeBeforeTax": "190447000", "incomeTaxExpense": "68144000", "interestAndDebtExpense": "None", "netIncomeFromContinuingOperations": "193565000", "comprehensiveIncomeNetOfTax": "98316000", "ebit": "193565000", "ebitda": "215518000", "netIncome": "122303000"}]}