{"symbol": "CINF", "annualReports": [{"fiscalDateEnding": "2020-12-31", "reportedCurrency": "USD", "grossProfit": "-1900000000", "totalRevenue": "7536000000", "costOfRevenue": "9436000000", "costofGoodsAndServicesSold": "None", "operatingIncome": "-1939000000", "sellingGeneralAndAdministrative": "4000000", "researchAndDevelopment": "None", "operatingExpenses": "39000000", "investmentIncomeNet": "662000000", "netInterestIncome": "-54000000", "interestIncome": "675000000", "interestExpense": "54000000", "nonInterestIncome": "5980000000", "otherNonOperatingIncome": "None", "depreciation": "33000000", "depreciationAndAmortization": "15000000", "incomeBeforeTax": "1499000000", "incomeTaxExpense": "283000000", "interestAndDebtExpense": "54000000", "netIncomeFromContinuingOperations": "1216000000", "comprehensiveIncomeNetOfTax": "1537000000", "ebit": "1553000000", "ebitda": "1568000000", "netIncome": "1216000000"}, {"fiscalDateEnding": "2019-12-31", "reportedCurrency": "USD", "grossProfit": "-443000000", "totalRevenue": "7924000000", "costOfRevenue": "8367000000", "costofGoodsAndServicesSold": "5290000000", "operatingIncome": "-479000000", "sellingGeneralAndAdministrative": "4000000", "researchAndDevelopment": "None", "operatingExpenses": "36000000", "investmentIncomeNet": "634000000", "netInterestIncome": "-53000000", "interestIncome": "647000000", "interestExpense": "53000000", "nonInterestIncome": "5604000000", "otherNonOperatingIncome": "None", "depreciation": "25000000", "depreciationAndAmortization": "9000000", "incomeBeforeTax": "2472000000", "incomeTaxExpense": "475000000", "interestAndDebtExpense": "53000000", "netIncomeFromContinuingOperations": "1997000000", "comprehensiveIncomeNetOfTax": "2423000000", "ebit": "2525000000", "ebitda": "2534000000", "netIncome": "1997000000"}, {"fiscalDateEnding": "2018-12-31", "reportedCurrency": "USD", "grossProfit": "-2566000000", "totalRevenue": "5407000000", "costOfRevenue": "7973000000", "costofGoodsAndServicesSold": "5012000000", "operatingIncome": "-2582000000", "sellingGeneralAndAdministrative": "None", "researchAndDevelopment": "None", "operatingExpenses": "16000000", "investmentIncomeNet": "614000000", "netInterestIncome": "-53000000", "interestIncome": "-53000000", "interestExpense": "53000000", "nonInterestIncome": "5185000000", "otherNonOperatingIncome": "None", "depreciation": "31000000", "depreciationAndAmortization": "63000000", "incomeBeforeTax": "251000000", "incomeTaxExpense": "-36000000", "interestAndDebtExpense": "53000000", "netIncomeFromContinuingOperations": "287000000", "comprehensiveIncomeNetOfTax": "24000000", "ebit": "304000000", "ebitda": "367000000", "netIncome": "287000000"}, {"fiscalDateEnding": "2017-12-31", "reportedCurrency": "USD", "grossProfit": "-2009000000", "totalRevenue": "5732000000", "costOfRevenue": "7741000000", "costofGoodsAndServicesSold": "4857000000", "operatingIncome": "-2022000000", "sellingGeneralAndAdministrative": "None", "researchAndDevelopment": "None", "operatingExpenses": "13000000", "investmentIncomeNet": "605000000", "netInterestIncome": "-53000000", "interestIncome": "-53000000", "interestExpense": "53000000", "nonInterestIncome": "4970000000", "otherNonOperatingIncome": "None", "depreciation": "28000000", "depreciationAndAmortization": "55000000", "incomeBeforeTax": "730000000", "incomeTaxExpense": "-315000000", "interestAndDebtExpense": "53000000", "netIncomeFromContinuingOperations": "1045000000", "comprehensiveIncomeNetOfTax": "1648000000", "ebit": "783000000", "ebitda": "838000000", "netIncome": "1045000000"}, {"fiscalDateEnding": "2016-12-31", "reportedCurrency": "USD", "grossProfit": "41000000", "totalRevenue": "5449000000", "costOfRevenue": "5408000000", "costofGoodsAndServicesSold": "4496000000", "operatingIncome": "20000000", "sellingGeneralAndAdministrative": "9000000", "researchAndDevelopment": "None", "operatingExpenses": "21000000", "investmentIncomeNet": "592000000", "netInterestIncome": "-53000000", "interestIncome": "-53000000", "interestExpense": "53000000", "nonInterestIncome": "4725000000", "otherNonOperatingIncome": "None", "depreciation": "30000000", "depreciationAndAmortization": "48000000", "incomeBeforeTax": "812000000", "incomeTaxExpense": "221000000", "interestAndDebtExpense": "53000000", "netIncomeFromContinuingOperations": "591000000", "comprehensiveIncomeNetOfTax": "940000000", "ebit": "865000000", "ebitda": "913000000", "netIncome": "591000000"}], "quarterlyReports": [{"fiscalDateEnding": "2021-09-30", "reportedCurrency": "USD", "grossProfit": "-671000000", "totalRevenue": "1785000000", "costOfRevenue": "2456000000", "costofGoodsAndServicesSold": "None", "operatingIncome": "-676000000", "sellingGeneralAndAdministrative": "None", "researchAndDevelopment": "None", "operatingExpenses": "5000000", "investmentIncomeNet": "178000000", "netInterestIncome": "-13000000", "interestIncome": "182000000", "interestExpense": "13000000", "nonInterestIncome": "1669000000", "otherNonOperatingIncome": "None", "depreciation": "None", "depreciationAndAmortization": "23000000", "incomeBeforeTax": "184000000", "incomeTaxExpense": "31000000", "interestAndDebtExpense": "13000000", "netIncomeFromContinuingOperations": "153000000", "comprehensiveIncomeNetOfTax": "85000000", "ebit": "197000000", "ebitda": "220000000", "netIncome": "153000000"}, {"fiscalDateEnding": "2021-06-30", "reportedCurrency": "USD", "grossProfit": "170000000", "totalRevenue": "2295000000", "costOfRevenue": "2125000000", "costofGoodsAndServicesSold": "None", "operatingIncome": "165000000", "sellingGeneralAndAdministrative": "None", "researchAndDevelopment": "None", "operatingExpenses": "5000000", "investmentIncomeNet": "174000000", "netInterestIncome": "-13000000", "interestIncome": "177000000", "interestExpense": "13000000", "nonInterestIncome": "1593000000", "otherNonOperatingIncome": "None", "depreciation": "None", "depreciationAndAmortization": "23000000", "incomeBeforeTax": "872000000", "incomeTaxExpense": "169000000", "interestAndDebtExpense": "13000000", "netIncomeFromContinuingOperations": "703000000", "comprehensiveIncomeNetOfTax": "809000000", "ebit": "885000000", "ebitda": "908000000", "netIncome": "703000000"}, {"fiscalDateEnding": "2021-03-31", "reportedCurrency": "USD", "grossProfit": "-56000000", "totalRevenue": "2227000000", "costOfRevenue": "2283000000", "costofGoodsAndServicesSold": "None", "operatingIncome": "-60000000", "sellingGeneralAndAdministrative": "None", "researchAndDevelopment": "None", "operatingExpenses": "4000000", "investmentIncomeNet": "172000000", "netInterestIncome": "-13000000", "interestIncome": "176000000", "interestExpense": "13000000", "nonInterestIncome": "1544000000", "otherNonOperatingIncome": "None", "depreciation": "None", "depreciationAndAmortization": "23000000", "incomeBeforeTax": "768000000", "incomeTaxExpense": "148000000", "interestAndDebtExpense": "13000000", "netIncomeFromContinuingOperations": "620000000", "comprehensiveIncomeNetOfTax": "476000000", "ebit": "781000000", "ebitda": "804000000", "netIncome": "620000000"}, {"fiscalDateEnding": "2020-12-31", "reportedCurrency": "USD", "grossProfit": "2694000000", "totalRevenue": "2694000000", "costOfRevenue": "2145000000", "costofGoodsAndServicesSold": "None", "operatingIncome": "2694000000", "sellingGeneralAndAdministrative": "None", "researchAndDevelopment": "None", "operatingExpenses": "24000000", "investmentIncomeNet": "171000000", "netInterestIncome": "-14000000", "interestIncome": "175000000", "interestExpense": "14000000", "nonInterestIncome": "1520000000", "otherNonOperatingIncome": "None", "depreciation": "None", "depreciationAndAmortization": "19000000", "incomeBeforeTax": "1316000000", "incomeTaxExpense": "267000000", "interestAndDebtExpense": "14000000", "netIncomeFromContinuingOperations": "1316000000", "comprehensiveIncomeNetOfTax": "1132000000", "ebit": "1330000000", "ebitda": "1349000000", "netIncome": "1049000000"}, {"fiscalDateEnding": "2020-09-30", "reportedCurrency": "USD", "grossProfit": "-345000000", "totalRevenue": "2227000000", "costOfRevenue": "2572000000", "costofGoodsAndServicesSold": "None", "operatingIncome": "-350000000", "sellingGeneralAndAdministrative": "None", "researchAndDevelopment": "None", "operatingExpenses": "5000000", "investmentIncomeNet": "165000000", "netInterestIncome": "-13000000", "interestIncome": "168000000", "interestExpense": "13000000", "nonInterestIncome": "1522000000", "otherNonOperatingIncome": "533000000", "depreciation": "None", "depreciationAndAmortization": "20000000", "incomeBeforeTax": "614000000", "incomeTaxExpense": "130000000", "interestAndDebtExpense": "13000000", "netIncomeFromContinuingOperations": "484000000", "comprehensiveIncomeNetOfTax": "573000000", "ebit": "627000000", "ebitda": "647000000", "netIncome": "484000000"}, {"fiscalDateEnding": "2020-06-30", "reportedCurrency": "USD", "grossProfit": "266000000", "totalRevenue": "2714000000", "costOfRevenue": "2448000000", "costofGoodsAndServicesSold": "None", "operatingIncome": "261000000", "sellingGeneralAndAdministrative": "None", "researchAndDevelopment": "None", "operatingExpenses": "5000000", "investmentIncomeNet": "164000000", "netInterestIncome": "-14000000", "interestIncome": "167000000", "interestExpense": "14000000", "nonInterestIncome": "1482000000", "otherNonOperatingIncome": "1060000000", "depreciation": "None", "depreciationAndAmortization": "20000000", "incomeBeforeTax": "1145000000", "incomeTaxExpense": "236000000", "interestAndDebtExpense": "14000000", "netIncomeFromContinuingOperations": "909000000", "comprehensiveIncomeNetOfTax": "1302000000", "ebit": "1159000000", "ebitda": "1179000000", "netIncome": "909000000"}, {"fiscalDateEnding": "2020-03-31", "reportedCurrency": "USD", "grossProfit": "-2370000000", "totalRevenue": "-99000000", "costOfRevenue": "2271000000", "costofGoodsAndServicesSold": "None", "operatingIncome": "-2375000000", "sellingGeneralAndAdministrative": "None", "researchAndDevelopment": "None", "operatingExpenses": "5000000", "investmentIncomeNet": "162000000", "netInterestIncome": "-13000000", "interestIncome": "165000000", "interestExpense": "13000000", "nonInterestIncome": "1456000000", "otherNonOperatingIncome": "None", "depreciation": "None", "depreciationAndAmortization": "22000000", "incomeBeforeTax": "-1576000000", "incomeTaxExpense": "-350000000", "interestAndDebtExpense": "13000000", "netIncomeFromContinuingOperations": "-1226000000", "comprehensiveIncomeNetOfTax": "-1470000000", "ebit": "-1563000000", "ebitda": "-1541000000", "netIncome": "-1226000000"}, {"fiscalDateEnding": "2019-12-31", "reportedCurrency": "USD", "grossProfit": "2152000000", "totalRevenue": "2152000000", "costOfRevenue": "2144000000", "costofGoodsAndServicesSold": "1333000000", "operatingIncome": "2152000000", "sellingGeneralAndAdministrative": "None", "researchAndDevelopment": "None", "operatingExpenses": "19000000", "investmentIncomeNet": "166000000", "netInterestIncome": "-13000000", "interestIncome": "169000000", "interestExpense": "13000000", "nonInterestIncome": "1441000000", "otherNonOperatingIncome": "None", "depreciation": "None", "depreciationAndAmortization": "18000000", "incomeBeforeTax": "781000000", "incomeTaxExpense": "155000000", "interestAndDebtExpense": "13000000", "netIncomeFromContinuingOperations": "781000000", "comprehensiveIncomeNetOfTax": "632000000", "ebit": "794000000", "ebitda": "812000000", "netIncome": "626000000"}, {"fiscalDateEnding": "2019-09-30", "reportedCurrency": "USD", "grossProfit": "-434000000", "totalRevenue": "1700000000", "costOfRevenue": "2134000000", "costofGoodsAndServicesSold": "1364000000", "operatingIncome": "-439000000", "sellingGeneralAndAdministrative": "None", "researchAndDevelopment": "None", "operatingExpenses": "5000000", "investmentIncomeNet": "156000000", "netInterestIncome": "-14000000", "interestIncome": "160000000", "interestExpense": "14000000", "nonInterestIncome": "1446000000", "otherNonOperatingIncome": "None", "depreciation": "None", "depreciationAndAmortization": "18000000", "incomeBeforeTax": "294000000", "incomeTaxExpense": "46000000", "interestAndDebtExpense": "14000000", "netIncomeFromContinuingOperations": "248000000", "comprehensiveIncomeNetOfTax": "326000000", "ebit": "308000000", "ebitda": "326000000", "netIncome": "248000000"}, {"fiscalDateEnding": "2019-06-30", "reportedCurrency": "USD", "grossProfit": "-210000000", "totalRevenue": "1913000000", "costOfRevenue": "2123000000", "costofGoodsAndServicesSold": "1344000000", "operatingIncome": "-214000000", "sellingGeneralAndAdministrative": "None", "researchAndDevelopment": "None", "operatingExpenses": "4000000", "investmentIncomeNet": "158000000", "netInterestIncome": "-13000000", "interestIncome": "161000000", "interestExpense": "13000000", "nonInterestIncome": "1384000000", "otherNonOperatingIncome": "None", "depreciation": "None", "depreciationAndAmortization": "17000000", "incomeBeforeTax": "530000000", "incomeTaxExpense": "102000000", "interestAndDebtExpense": "13000000", "netIncomeFromContinuingOperations": "428000000", "comprehensiveIncomeNetOfTax": "582000000", "ebit": "543000000", "ebitda": "560000000", "netIncome": "428000000"}, {"fiscalDateEnding": "2019-03-31", "reportedCurrency": "USD", "grossProfit": "193000000", "totalRevenue": "2159000000", "costOfRevenue": "1966000000", "costofGoodsAndServicesSold": "1249000000", "operatingIncome": "185000000", "sellingGeneralAndAdministrative": "None", "researchAndDevelopment": "None", "operatingExpenses": "8000000", "investmentIncomeNet": "154000000", "netInterestIncome": "-13000000", "interestIncome": "None", "interestExpense": "13000000", "nonInterestIncome": "1337000000", "otherNonOperatingIncome": "None", "depreciation": "None", "depreciationAndAmortization": "19000000", "incomeBeforeTax": "867000000", "incomeTaxExpense": "172000000", "interestAndDebtExpense": "13000000", "netIncomeFromContinuingOperations": "695000000", "comprehensiveIncomeNetOfTax": "883000000", "ebit": "880000000", "ebitda": "899000000", "netIncome": "695000000"}, {"fiscalDateEnding": "2018-12-31", "reportedCurrency": "USD", "grossProfit": "710000000", "totalRevenue": "710000000", "costOfRevenue": "2040000000", "costofGoodsAndServicesSold": "1253000000", "operatingIncome": "710000000", "sellingGeneralAndAdministrative": "None", "researchAndDevelopment": "None", "operatingExpenses": "6000000", "investmentIncomeNet": "159000000", "netInterestIncome": "-13000000", "interestIncome": "None", "interestExpense": "13000000", "nonInterestIncome": "488000000", "otherNonOperatingIncome": "None", "depreciation": "None", "depreciationAndAmortization": "15000000", "incomeBeforeTax": "-581000000", "incomeTaxExpense": "-129000000", "interestAndDebtExpense": "13000000", "netIncomeFromContinuingOperations": "-581000000", "comprehensiveIncomeNetOfTax": "-426000000", "ebit": "-568000000", "ebitda": "-553000000", "netIncome": "-452000000"}, {"fiscalDateEnding": "2018-09-30", "reportedCurrency": "USD", "grossProfit": "524000000", "totalRevenue": "1915000000", "costOfRevenue": "1989000000", "costofGoodsAndServicesSold": "1263000000", "operatingIncome": "521000000", "sellingGeneralAndAdministrative": "None", "researchAndDevelopment": "None", "operatingExpenses": "3000000", "investmentIncomeNet": "153000000", "netInterestIncome": "-14000000", "interestIncome": "None", "interestExpense": "14000000", "nonInterestIncome": "1915000000", "otherNonOperatingIncome": "None", "depreciation": "None", "depreciationAndAmortization": "16000000", "incomeBeforeTax": "618000000", "incomeTaxExpense": "65000000", "interestAndDebtExpense": "14000000", "netIncomeFromContinuingOperations": "553000000", "comprehensiveIncomeNetOfTax": "494000000", "ebit": "632000000", "ebitda": "648000000", "netIncome": "553000000"}, {"fiscalDateEnding": "2018-06-30", "reportedCurrency": "USD", "grossProfit": "-444000000", "totalRevenue": "1558000000", "costOfRevenue": "2002000000", "costofGoodsAndServicesSold": "1259000000", "operatingIncome": "-447000000", "sellingGeneralAndAdministrative": "None", "researchAndDevelopment": "None", "operatingExpenses": "3000000", "investmentIncomeNet": "153000000", "netInterestIncome": "-13000000", "interestIncome": "None", "interestExpense": "13000000", "nonInterestIncome": "1298000000", "otherNonOperatingIncome": "None", "depreciation": "None", "depreciationAndAmortization": "14000000", "incomeBeforeTax": "264000000", "incomeTaxExpense": "47000000", "interestAndDebtExpense": "13000000", "netIncomeFromContinuingOperations": "217000000", "comprehensiveIncomeNetOfTax": "157000000", "ebit": "277000000", "ebitda": "291000000", "netIncome": "217000000"}, {"fiscalDateEnding": "2018-03-31", "reportedCurrency": "USD", "grossProfit": "-718000000", "totalRevenue": "1224000000", "costOfRevenue": "1942000000", "costofGoodsAndServicesSold": "1243000000", "operatingIncome": "-722000000", "sellingGeneralAndAdministrative": "None", "researchAndDevelopment": "None", "operatingExpenses": "4000000", "investmentIncomeNet": "149000000", "netInterestIncome": "-13000000", "interestIncome": "None", "interestExpense": "13000000", "nonInterestIncome": "1264000000", "otherNonOperatingIncome": "None", "depreciation": "None", "depreciationAndAmortization": "18000000", "incomeBeforeTax": "-50000000", "incomeTaxExpense": "-19000000", "interestAndDebtExpense": "13000000", "netIncomeFromContinuingOperations": "-31000000", "comprehensiveIncomeNetOfTax": "-201000000", "ebit": "-37000000", "ebitda": "-19000000", "netIncome": "-31000000"}, {"fiscalDateEnding": "2017-12-31", "reportedCurrency": "USD", "grossProfit": "1411000000", "totalRevenue": "1411000000", "costOfRevenue": "1899000000", "costofGoodsAndServicesSold": "1185000000", "operatingIncome": "1411000000", "sellingGeneralAndAdministrative": "None", "researchAndDevelopment": "None", "operatingExpenses": "2000000", "investmentIncomeNet": "155000000", "netInterestIncome": "-14000000", "interestIncome": "None", "interestExpense": "14000000", "nonInterestIncome": "1262000000", "otherNonOperatingIncome": "None", "depreciation": "None", "depreciationAndAmortization": "15000000", "incomeBeforeTax": "197000000", "incomeTaxExpense": "-445000000", "interestAndDebtExpense": "14000000", "netIncomeFromContinuingOperations": "197000000", "comprehensiveIncomeNetOfTax": "891000000", "ebit": "211000000", "ebitda": "226000000", "netIncome": "642000000"}, {"fiscalDateEnding": "2017-09-30", "reportedCurrency": "USD", "grossProfit": "-573000000", "totalRevenue": "1412000000", "costOfRevenue": "1985000000", "costofGoodsAndServicesSold": "1257000000", "operatingIncome": "-576000000", "sellingGeneralAndAdministrative": "None", "researchAndDevelopment": "None", "operatingExpenses": "3000000", "investmentIncomeNet": "152000000", "netInterestIncome": "-13000000", "interestIncome": "None", "interestExpense": "13000000", "nonInterestIncome": "1250000000", "otherNonOperatingIncome": "None", "depreciation": "None", "depreciationAndAmortization": "13000000", "incomeBeforeTax": "129000000", "incomeTaxExpense": "27000000", "interestAndDebtExpense": "13000000", "netIncomeFromContinuingOperations": "102000000", "comprehensiveIncomeNetOfTax": "224000000", "ebit": "142000000", "ebitda": "155000000", "netIncome": "102000000"}, {"fiscalDateEnding": "2017-06-30", "reportedCurrency": "USD", "grossProfit": "-551000000", "totalRevenue": "1386000000", "costOfRevenue": "1937000000", "costofGoodsAndServicesSold": "1232000000", "operatingIncome": "-555000000", "sellingGeneralAndAdministrative": "None", "researchAndDevelopment": "None", "operatingExpenses": "4000000", "investmentIncomeNet": "150000000", "netInterestIncome": "-13000000", "interestIncome": "None", "interestExpense": "13000000", "nonInterestIncome": "1245000000", "otherNonOperatingIncome": "None", "depreciation": "None", "depreciationAndAmortization": "13000000", "incomeBeforeTax": "128000000", "incomeTaxExpense": "28000000", "interestAndDebtExpense": "13000000", "netIncomeFromContinuingOperations": "100000000", "comprehensiveIncomeNetOfTax": "245000000", "ebit": "141000000", "ebitda": "154000000", "netIncome": "100000000"}, {"fiscalDateEnding": "2017-03-31", "reportedCurrency": "USD", "grossProfit": "-397000000", "totalRevenue": "1523000000", "costOfRevenue": "1920000000", "costofGoodsAndServicesSold": "1220000000", "operatingIncome": "-401000000", "sellingGeneralAndAdministrative": "None", "researchAndDevelopment": "None", "operatingExpenses": "4000000", "investmentIncomeNet": "148000000", "netInterestIncome": "-13000000", "interestIncome": "None", "interestExpense": "13000000", "nonInterestIncome": "1213000000", "otherNonOperatingIncome": "None", "depreciation": "None", "depreciationAndAmortization": "14000000", "incomeBeforeTax": "276000000", "incomeTaxExpense": "75000000", "interestAndDebtExpense": "13000000", "netIncomeFromContinuingOperations": "201000000", "comprehensiveIncomeNetOfTax": "288000000", "ebit": "289000000", "ebitda": "303000000", "netIncome": "201000000"}, {"fiscalDateEnding": "2016-12-31", "reportedCurrency": "USD", "grossProfit": "1312000000", "totalRevenue": "1312000000", "costOfRevenue": "164000000", "costofGoodsAndServicesSold": "1152000000", "operatingIncome": "1312000000", "sellingGeneralAndAdministrative": "None", "researchAndDevelopment": "None", "operatingExpenses": "11000000", "investmentIncomeNet": "152000000", "netInterestIncome": "-14000000", "interestIncome": "None", "interestExpense": "14000000", "nonInterestIncome": "1196000000", "otherNonOperatingIncome": "None", "depreciation": "None", "depreciationAndAmortization": "14000000", "incomeBeforeTax": "128000000", "incomeTaxExpense": "28000000", "interestAndDebtExpense": "14000000", "netIncomeFromContinuingOperations": "128000000", "comprehensiveIncomeNetOfTax": "41000000", "ebit": "142000000", "ebitda": "156000000", "netIncome": "100000000"}]}