{"symbol": "CME", "annualReports": [{"fiscalDateEnding": "2020-12-31", "reportedCurrency": "USD", "grossProfit": "3294100000", "totalRevenue": "4883600000", "costOfRevenue": "1589500000", "costofGoodsAndServicesSold": "856500000", "operatingIncome": "2637400000", "sellingGeneralAndAdministrative": "553500000", "researchAndDevelopment": "None", "operatingExpenses": "1023600000", "investmentIncomeNet": "None", "netInterestIncome": "-3300000", "interestIncome": "None", "interestExpense": "3300000", "nonInterestIncome": "None", "otherNonOperatingIncome": "-122400000", "depreciation": "None", "depreciationAndAmortization": "153200000", "incomeBeforeTax": "2720900000", "incomeTaxExpense": "615700000", "interestAndDebtExpense": "166200000", "netIncomeFromContinuingOperations": "2106400000", "comprehensiveIncomeNetOfTax": "2236700000", "ebit": "2637400000", "ebitda": "2877400000", "netIncome": "2105200000"}, {"fiscalDateEnding": "2019-12-31", "reportedCurrency": "USD", "grossProfit": "3288200000", "totalRevenue": "4868000000", "costOfRevenue": "1579800000", "costofGoodsAndServicesSold": "898700000", "operatingIncome": "2587800000", "sellingGeneralAndAdministrative": "461400000", "researchAndDevelopment": "None", "operatingExpenses": "1041500000", "investmentIncomeNet": "None", "netInterestIncome": "-3600000", "interestIncome": "636700000", "interestExpense": "3600000", "nonInterestIncome": "None", "otherNonOperatingIncome": "-534900000", "depreciation": "None", "depreciationAndAmortization": "158600000", "incomeBeforeTax": "2690300000", "incomeTaxExpense": "573800000", "interestAndDebtExpense": "178000000", "netIncomeFromContinuingOperations": "2115800000", "comprehensiveIncomeNetOfTax": "2114600000", "ebit": "2587800000", "ebitda": "2852500000", "netIncome": "2116500000"}, {"fiscalDateEnding": "2018-12-31", "reportedCurrency": "USD", "grossProfit": "3090300000", "totalRevenue": "4309400000", "costOfRevenue": "1219100000", "costofGoodsAndServicesSold": "672200000", "operatingIncome": "2607600000", "sellingGeneralAndAdministrative": "428200000", "researchAndDevelopment": "None", "operatingExpenses": "873900000", "investmentIncomeNet": "None", "netInterestIncome": "-157700000", "interestIncome": "740200000", "interestExpense": "157700000", "nonInterestIncome": "None", "otherNonOperatingIncome": "-570000000", "depreciation": "None", "depreciationAndAmortization": "118700000", "incomeBeforeTax": "2776300000", "incomeTaxExpense": "814100000", "interestAndDebtExpense": "157700000", "netIncomeFromContinuingOperations": "1963700000", "comprehensiveIncomeNetOfTax": "1949400000", "ebit": "2607600000", "ebitda": "2726300000", "netIncome": "1962200000"}, {"fiscalDateEnding": "2017-12-31", "reportedCurrency": "USD", "grossProfit": "2481800000", "totalRevenue": "3644700000", "costOfRevenue": "1162900000", "costofGoodsAndServicesSold": "146300000", "operatingIncome": "2310600000", "sellingGeneralAndAdministrative": "903600000", "researchAndDevelopment": "None", "operatingExpenses": "1132600000", "investmentIncomeNet": "None", "netInterestIncome": "-117000000", "interestIncome": "543900000", "interestExpense": "117000000", "nonInterestIncome": "86500000", "otherNonOperatingIncome": "-328200000", "depreciation": "None", "depreciationAndAmortization": "113000000", "incomeBeforeTax": "2526300000", "incomeTaxExpense": "-1537100000", "interestAndDebtExpense": "117000000", "netIncomeFromContinuingOperations": "4063400000", "comprehensiveIncomeNetOfTax": "4091800000", "ebit": "2310600000", "ebitda": "2423600000", "netIncome": "4063400000"}, {"fiscalDateEnding": "2016-12-31", "reportedCurrency": "USD", "grossProfit": "2385500000", "totalRevenue": "3595200000", "costOfRevenue": "1209700000", "costofGoodsAndServicesSold": "135800000", "operatingIncome": "2200500000", "sellingGeneralAndAdministrative": "917600000", "researchAndDevelopment": "None", "operatingExpenses": "1235600000", "investmentIncomeNet": "None", "netInterestIncome": "-123500000", "interestIncome": "128500000", "interestExpense": "123500000", "nonInterestIncome": "48400000", "otherNonOperatingIncome": "-41400000", "depreciation": "None", "depreciationAndAmortization": "129200000", "incomeBeforeTax": "2287600000", "incomeTaxExpense": "753500000", "interestAndDebtExpense": "123500000", "netIncomeFromContinuingOperations": "1534100000", "comprehensiveIncomeNetOfTax": "1600800000", "ebit": "2200500000", "ebitda": "2329700000", "netIncome": "1534100000"}], "quarterlyReports": [{"fiscalDateEnding": "2021-09-30", "reportedCurrency": "USD", "grossProfit": "739800000", "totalRevenue": "1109900000", "costOfRevenue": "370100000", "costofGoodsAndServicesSold": "198600000", "operatingIncome": "613700000", "sellingGeneralAndAdministrative": "110300000", "researchAndDevelopment": "None", "operatingExpenses": "220800000", "investmentIncomeNet": "None", "netInterestIncome": "-700000", "interestIncome": "None", "interestExpense": "700000", "nonInterestIncome": "None", "otherNonOperatingIncome": "311800000", "depreciation": "37200000", "depreciationAndAmortization": "61200000", "incomeBeforeTax": "1096100000", "incomeTaxExpense": "169600000", "interestAndDebtExpense": "41800000", "netIncomeFromContinuingOperations": "926300000", "comprehensiveIncomeNetOfTax": "857800000", "ebit": "613700000", "ebitda": "1158000000", "netIncome": "926500000"}, {"fiscalDateEnding": "2021-06-30", "reportedCurrency": "USD", "grossProfit": "803400000", "totalRevenue": "1179200000", "costOfRevenue": "375800000", "costofGoodsAndServicesSold": "211700000", "operatingIncome": "674700000", "sellingGeneralAndAdministrative": "102600000", "researchAndDevelopment": "None", "operatingExpenses": "220100000", "investmentIncomeNet": "None", "netInterestIncome": "-800000", "interestIncome": "None", "interestExpense": "800000", "nonInterestIncome": "None", "otherNonOperatingIncome": "-25000000", "depreciation": "37100000", "depreciationAndAmortization": "61500000", "incomeBeforeTax": "725800000", "incomeTaxExpense": "215500000", "interestAndDebtExpense": "41700000", "netIncomeFromContinuingOperations": "510600000", "comprehensiveIncomeNetOfTax": "532800000", "ebit": "674700000", "ebitda": "788100000", "netIncome": "510300000"}, {"fiscalDateEnding": "2021-03-31", "reportedCurrency": "USD", "grossProfit": "862400000", "totalRevenue": "1253300000", "costOfRevenue": "390900000", "costofGoodsAndServicesSold": "225000000", "operatingIncome": "725100000", "sellingGeneralAndAdministrative": "102600000", "researchAndDevelopment": "None", "operatingExpenses": "220600000", "investmentIncomeNet": "None", "netInterestIncome": "-800000", "interestIncome": "None", "interestExpense": "800000", "nonInterestIncome": "None", "otherNonOperatingIncome": "-18400000", "depreciation": "37600000", "depreciationAndAmortization": "62800000", "incomeBeforeTax": "751900000", "incomeTaxExpense": "177500000", "interestAndDebtExpense": "41500000", "netIncomeFromContinuingOperations": "574800000", "comprehensiveIncomeNetOfTax": "523000000", "ebit": "725100000", "ebitda": "815500000", "netIncome": "574400000"}, {"fiscalDateEnding": "2020-12-31", "reportedCurrency": "USD", "grossProfit": "1098500000", "totalRevenue": "1098500000", "costOfRevenue": "346400000", "costofGoodsAndServicesSold": "215600000", "operatingIncome": "515000000", "sellingGeneralAndAdministrative": "217400000", "researchAndDevelopment": "None", "operatingExpenses": "216700000", "investmentIncomeNet": "None", "netInterestIncome": "-800000", "interestIncome": "None", "interestExpense": "800000", "nonInterestIncome": "None", "otherNonOperatingIncome": "-16000000", "depreciation": "None", "depreciationAndAmortization": "-85500000", "incomeBeforeTax": "534200000", "incomeTaxExpense": "110200000", "interestAndDebtExpense": "41700000", "netIncomeFromContinuingOperations": "535000000", "comprehensiveIncomeNetOfTax": "515200000", "ebit": "515000000", "ebitda": "449500000", "netIncome": "424000000"}, {"fiscalDateEnding": "2020-09-30", "reportedCurrency": "USD", "grossProfit": "669400000", "totalRevenue": "1080700000", "costOfRevenue": "411300000", "costofGoodsAndServicesSold": "216400000", "operatingIncome": "525000000", "sellingGeneralAndAdministrative": "114400000", "researchAndDevelopment": "None", "operatingExpenses": "262000000", "investmentIncomeNet": "None", "netInterestIncome": "-800000", "interestIncome": "None", "interestExpense": "800000", "nonInterestIncome": "None", "otherNonOperatingIncome": "-14400000", "depreciation": "39700000", "depreciationAndAmortization": "80500000", "incomeBeforeTax": "536700000", "incomeTaxExpense": "125000000", "interestAndDebtExpense": "41700000", "netIncomeFromContinuingOperations": "411500000", "comprehensiveIncomeNetOfTax": "468500000", "ebit": "525000000", "ebitda": "618000000", "netIncome": "411700000"}, {"fiscalDateEnding": "2020-06-30", "reportedCurrency": "USD", "grossProfit": "769400000", "totalRevenue": "1182300000", "costOfRevenue": "412900000", "costofGoodsAndServicesSold": "217000000", "operatingIncome": "637500000", "sellingGeneralAndAdministrative": "117200000", "researchAndDevelopment": "None", "operatingExpenses": "254700000", "investmentIncomeNet": "None", "netInterestIncome": "-800000", "interestIncome": "None", "interestExpense": "800000", "nonInterestIncome": "None", "otherNonOperatingIncome": "-15200000", "depreciation": "36700000", "depreciationAndAmortization": "78700000", "incomeBeforeTax": "661300000", "incomeTaxExpense": "158000000", "interestAndDebtExpense": "41900000", "netIncomeFromContinuingOperations": "503300000", "comprehensiveIncomeNetOfTax": "516400000", "ebit": "637500000", "ebitda": "740800000", "netIncome": "503300000"}, {"fiscalDateEnding": "2020-03-31", "reportedCurrency": "USD", "grossProfit": "1107500000", "totalRevenue": "1522100000", "costOfRevenue": "414600000", "costofGoodsAndServicesSold": "207500000", "operatingIncome": "959900000", "sellingGeneralAndAdministrative": "104500000", "researchAndDevelopment": "None", "operatingExpenses": "285900000", "investmentIncomeNet": "None", "netInterestIncome": "-900000", "interestIncome": "106200000", "interestExpense": "900000", "nonInterestIncome": "None", "otherNonOperatingIncome": "-76800000", "depreciation": "35300000", "depreciationAndAmortization": "79500000", "incomeBeforeTax": "988700000", "incomeTaxExpense": "222500000", "interestAndDebtExpense": "40900000", "netIncomeFromContinuingOperations": "766800000", "comprehensiveIncomeNetOfTax": "736600000", "ebit": "959900000", "ebitda": "1069100000", "netIncome": "766200000"}, {"fiscalDateEnding": "2019-12-31", "reportedCurrency": "USD", "grossProfit": "1138400000", "totalRevenue": "1138400000", "costOfRevenue": "486700000", "costofGoodsAndServicesSold": "217600000", "operatingIncome": "573000000", "sellingGeneralAndAdministrative": "188700000", "researchAndDevelopment": "None", "operatingExpenses": "356600000", "investmentIncomeNet": "None", "netInterestIncome": "-900000", "interestIncome": "150100000", "interestExpense": "900000", "nonInterestIncome": "None", "otherNonOperatingIncome": "-99000000", "depreciation": "None", "depreciationAndAmortization": "38000000", "incomeBeforeTax": "624600000", "incomeTaxExpense": "155100000", "interestAndDebtExpense": "42000000", "netIncomeFromContinuingOperations": "624100000", "comprehensiveIncomeNetOfTax": "505100000", "ebit": "573000000", "ebitda": "663500000", "netIncome": "469500000"}, {"fiscalDateEnding": "2019-09-30", "reportedCurrency": "USD", "grossProfit": "887900000", "totalRevenue": "1277300000", "costOfRevenue": "389400000", "costofGoodsAndServicesSold": "223500000", "operatingIncome": "685200000", "sellingGeneralAndAdministrative": "95900000", "researchAndDevelopment": "None", "operatingExpenses": "271800000", "investmentIncomeNet": "None", "netInterestIncome": "-900000", "interestIncome": "177500000", "interestExpense": "900000", "nonInterestIncome": "None", "otherNonOperatingIncome": "-139500000", "depreciation": "41400000", "depreciationAndAmortization": "41400000", "incomeBeforeTax": "723200000", "incomeTaxExpense": "86900000", "interestAndDebtExpense": "42800000", "netIncomeFromContinuingOperations": "636300000", "comprehensiveIncomeNetOfTax": "598500000", "ebit": "685200000", "ebitda": "765500000", "netIncome": "636300000"}, {"fiscalDateEnding": "2019-06-30", "reportedCurrency": "USD", "grossProfit": "908800000", "totalRevenue": "1272700000", "costOfRevenue": "363900000", "costofGoodsAndServicesSold": "227300000", "operatingIncome": "698600000", "sellingGeneralAndAdministrative": "90300000", "researchAndDevelopment": "None", "operatingExpenses": "225900000", "investmentIncomeNet": "None", "netInterestIncome": "-900000", "interestIncome": "138000000", "interestExpense": "900000", "nonInterestIncome": "None", "otherNonOperatingIncome": "-134500000", "depreciation": "46300000", "depreciationAndAmortization": "46300000", "incomeBeforeTax": "701300000", "incomeTaxExpense": "187500000", "interestAndDebtExpense": "45100000", "netIncomeFromContinuingOperations": "514600000", "comprehensiveIncomeNetOfTax": "518600000", "ebit": "698600000", "ebitda": "748500000", "netIncome": "513800000"}, {"fiscalDateEnding": "2019-03-31", "reportedCurrency": "USD", "grossProfit": "829900000", "totalRevenue": "1179600000", "costOfRevenue": "349700000", "costofGoodsAndServicesSold": "230300000", "operatingIncome": "631000000", "sellingGeneralAndAdministrative": "86500000", "researchAndDevelopment": "None", "operatingExpenses": "197100000", "investmentIncomeNet": "None", "netInterestIncome": "-900000", "interestIncome": "None", "interestExpense": "900000", "nonInterestIncome": "None", "otherNonOperatingIncome": "-161900000", "depreciation": "32900000", "depreciationAndAmortization": "32900000", "incomeBeforeTax": "641200000", "incomeTaxExpense": "144300000", "interestAndDebtExpense": "48100000", "netIncomeFromContinuingOperations": "495900000", "comprehensiveIncomeNetOfTax": "492400000", "ebit": "631000000", "ebitda": "675000000", "netIncome": "496900000"}, {"fiscalDateEnding": "2018-12-31", "reportedCurrency": "USD", "grossProfit": "1236600000", "totalRevenue": "1236600000", "costOfRevenue": "442500000", "costofGoodsAndServicesSold": "205500000", "operatingIncome": "649900000", "sellingGeneralAndAdministrative": "185800000", "researchAndDevelopment": "None", "operatingExpenses": "401000000", "investmentIncomeNet": "None", "netInterestIncome": "None", "interestIncome": "None", "interestExpense": "49500000", "nonInterestIncome": "None", "otherNonOperatingIncome": "-154400000", "depreciation": "None", "depreciationAndAmortization": "32900000", "incomeBeforeTax": "669000000", "incomeTaxExpense": "283500000", "interestAndDebtExpense": "49500000", "netIncomeFromContinuingOperations": "670500000", "comprehensiveIncomeNetOfTax": "372100000", "ebit": "649900000", "ebitda": "682800000", "netIncome": "385500000"}, {"fiscalDateEnding": "2018-09-30", "reportedCurrency": "USD", "grossProfit": "652100000", "totalRevenue": "904200000", "costOfRevenue": "252100000", "costofGoodsAndServicesSold": "151400000", "operatingIncome": "549900000", "sellingGeneralAndAdministrative": "77000000", "researchAndDevelopment": "None", "operatingExpenses": "152300000", "investmentIncomeNet": "None", "netInterestIncome": "None", "interestIncome": "None", "interestExpense": "45000000", "nonInterestIncome": "None", "otherNonOperatingIncome": "-141700000", "depreciation": "None", "depreciationAndAmortization": "30200000", "incomeBeforeTax": "561800000", "incomeTaxExpense": "150000000", "interestAndDebtExpense": "45000000", "netIncomeFromContinuingOperations": "411800000", "comprehensiveIncomeNetOfTax": "411900000", "ebit": "549900000", "ebitda": "580100000", "netIncome": "411800000"}, {"fiscalDateEnding": "2018-06-30", "reportedCurrency": "USD", "grossProfit": "764100000", "totalRevenue": "1059600000", "costOfRevenue": "295500000", "costofGoodsAndServicesSold": "39900000", "operatingIncome": "666900000", "sellingGeneralAndAdministrative": "228100000", "researchAndDevelopment": "None", "operatingExpenses": "329200000", "investmentIncomeNet": "None", "netInterestIncome": "None", "interestIncome": "None", "interestExpense": "33100000", "nonInterestIncome": "None", "otherNonOperatingIncome": "-155300000", "depreciation": "None", "depreciationAndAmortization": "27500000", "incomeBeforeTax": "756800000", "incomeTaxExpense": "190700000", "interestAndDebtExpense": "33100000", "netIncomeFromContinuingOperations": "566100000", "comprehensiveIncomeNetOfTax": "564800000", "ebit": "666900000", "ebitda": "694400000", "netIncome": "566100000"}, {"fiscalDateEnding": "2018-03-31", "reportedCurrency": "USD", "grossProfit": "790600000", "totalRevenue": "1109000000", "costOfRevenue": "318400000", "costofGoodsAndServicesSold": "49500000", "operatingIncome": "740900000", "sellingGeneralAndAdministrative": "240800000", "researchAndDevelopment": "None", "operatingExpenses": "294900000", "investmentIncomeNet": "None", "netInterestIncome": "None", "interestIncome": "None", "interestExpense": "30100000", "nonInterestIncome": "None", "otherNonOperatingIncome": "-118600000", "depreciation": "None", "depreciationAndAmortization": "28100000", "incomeBeforeTax": "788700000", "incomeTaxExpense": "189900000", "interestAndDebtExpense": "30100000", "netIncomeFromContinuingOperations": "598800000", "comprehensiveIncomeNetOfTax": "600600000", "ebit": "740900000", "ebitda": "769000000", "netIncome": "598800000"}, {"fiscalDateEnding": "2017-12-31", "reportedCurrency": "USD", "grossProfit": "900000000", "totalRevenue": "900000000", "costOfRevenue": "329900000", "costofGoodsAndServicesSold": "38100000", "operatingIncome": "536900000", "sellingGeneralAndAdministrative": "263900000", "researchAndDevelopment": "None", "operatingExpenses": "342600000", "investmentIncomeNet": "None", "netInterestIncome": "None", "interestIncome": "None", "interestExpense": "29100000", "nonInterestIncome": "None", "otherNonOperatingIncome": "-106300000", "depreciation": "None", "depreciationAndAmortization": "27900000", "incomeBeforeTax": "574700000", "incomeTaxExpense": "-2364500000", "interestAndDebtExpense": "29100000", "netIncomeFromContinuingOperations": "574700000", "comprehensiveIncomeNetOfTax": "2941400000", "ebit": "536900000", "ebitda": "564800000", "netIncome": "2939200000"}, {"fiscalDateEnding": "2017-09-30", "reportedCurrency": "USD", "grossProfit": "610000000", "totalRevenue": "890800000", "costOfRevenue": "280800000", "costofGoodsAndServicesSold": "41500000", "operatingIncome": "567600000", "sellingGeneralAndAdministrative": "212400000", "researchAndDevelopment": "None", "operatingExpenses": "257600000", "investmentIncomeNet": "None", "netInterestIncome": "None", "interestIncome": "None", "interestExpense": "29100000", "nonInterestIncome": "None", "otherNonOperatingIncome": "-105000000", "depreciation": "None", "depreciationAndAmortization": "26900000", "incomeBeforeTax": "607300000", "incomeTaxExpense": "298700000", "interestAndDebtExpense": "29100000", "netIncomeFromContinuingOperations": "308600000", "comprehensiveIncomeNetOfTax": "307400000", "ebit": "567600000", "ebitda": "594500000", "netIncome": "308600000"}, {"fiscalDateEnding": "2017-06-30", "reportedCurrency": "USD", "grossProfit": "651600000", "totalRevenue": "924600000", "costOfRevenue": "273000000", "costofGoodsAndServicesSold": "32900000", "operatingIncome": "605200000", "sellingGeneralAndAdministrative": "211300000", "researchAndDevelopment": "None", "operatingExpenses": "262100000", "investmentIncomeNet": "None", "netInterestIncome": "None", "interestIncome": "None", "interestExpense": "29000000", "nonInterestIncome": "None", "otherNonOperatingIncome": "-83100000", "depreciation": "None", "depreciationAndAmortization": "28800000", "incomeBeforeTax": "637300000", "incomeTaxExpense": "221500000", "interestAndDebtExpense": "29000000", "netIncomeFromContinuingOperations": "415800000", "comprehensiveIncomeNetOfTax": "418300000", "ebit": "605200000", "ebitda": "634000000", "netIncome": "415800000"}, {"fiscalDateEnding": "2017-03-31", "reportedCurrency": "USD", "grossProfit": "650100000", "totalRevenue": "929300000", "costOfRevenue": "279200000", "costofGoodsAndServicesSold": "33800000", "operatingIncome": "600900000", "sellingGeneralAndAdministrative": "216000000", "researchAndDevelopment": "None", "operatingExpenses": "270300000", "investmentIncomeNet": "None", "netInterestIncome": "None", "interestIncome": "None", "interestExpense": "29800000", "nonInterestIncome": "None", "otherNonOperatingIncome": "-33800000", "depreciation": "None", "depreciationAndAmortization": "29400000", "incomeBeforeTax": "707000000", "incomeTaxExpense": "307200000", "interestAndDebtExpense": "29800000", "netIncomeFromContinuingOperations": "399800000", "comprehensiveIncomeNetOfTax": "424700000", "ebit": "600900000", "ebitda": "630300000", "netIncome": "399800000"}, {"fiscalDateEnding": "2016-12-31", "reportedCurrency": "USD", "grossProfit": "912900000", "totalRevenue": "912900000", "costOfRevenue": "347800000", "costofGoodsAndServicesSold": "32500000", "operatingIncome": "540200000", "sellingGeneralAndAdministrative": "281600000", "researchAndDevelopment": "None", "operatingExpenses": "364000000", "investmentIncomeNet": "None", "netInterestIncome": "None", "interestIncome": "None", "interestExpense": "31600000", "nonInterestIncome": "48400000", "otherNonOperatingIncome": "-10500000", "depreciation": "None", "depreciationAndAmortization": "33700000", "incomeBeforeTax": "594200000", "incomeTaxExpense": "220800000", "interestAndDebtExpense": "31600000", "netIncomeFromContinuingOperations": "594200000", "comprehensiveIncomeNetOfTax": "336400000", "ebit": "540200000", "ebitda": "573900000", "netIncome": "373400000"}]}