{"symbol": "CMG", "annualReports": [{"fiscalDateEnding": "2020-12-31", "reportedCurrency": "USD", "grossProfit": "1781554000", "totalRevenue": "5984634000", "costOfRevenue": "4203080000", "costofGoodsAndServicesSold": "3525779000", "operatingIncome": "290164000", "sellingGeneralAndAdministrative": "624861000", "researchAndDevelopment": "None", "operatingExpenses": "1707477000", "investmentIncomeNet": "None", "netInterestIncome": "3617000", "interestIncome": "3617000", "interestExpense": "None", "nonInterestIncome": "None", "otherNonOperatingIncome": "3617000", "depreciation": "None", "depreciationAndAmortization": "423072000", "incomeBeforeTax": "417751000", "incomeTaxExpense": "61985000", "interestAndDebtExpense": "None", "netIncomeFromContinuingOperations": "231796000", "comprehensiveIncomeNetOfTax": "356900000", "ebit": "290164000", "ebitda": "716853000", "netIncome": "355766000"}, {"fiscalDateEnding": "2019-12-31", "reportedCurrency": "USD", "grossProfit": "1644426000", "totalRevenue": "5586369000", "costOfRevenue": "3941943000", "costofGoodsAndServicesSold": "3319976000", "operatingIncome": "443958000", "sellingGeneralAndAdministrative": "593119000", "researchAndDevelopment": "None", "operatingExpenses": "1382831000", "investmentIncomeNet": "None", "netInterestIncome": "14327000", "interestIncome": "14327000", "interestExpense": "None", "nonInterestIncome": "None", "otherNonOperatingIncome": "14327000", "depreciation": "None", "depreciationAndAmortization": "212778000", "incomeBeforeTax": "242031000", "incomeTaxExpense": "-108127000", "interestAndDebtExpense": "None", "netIncomeFromContinuingOperations": "350158000", "comprehensiveIncomeNetOfTax": "351031000", "ebit": "443958000", "ebitda": "671063000", "netIncome": "350158000"}, {"fiscalDateEnding": "2018-12-31", "reportedCurrency": "USD", "grossProfit": "1442445000", "totalRevenue": "4864985000", "costOfRevenue": "3422540000", "costofGoodsAndServicesSold": "2926839000", "operatingIncome": "258368000", "sellingGeneralAndAdministrative": "487155000", "researchAndDevelopment": "None", "operatingExpenses": "1175857000", "investmentIncomeNet": "None", "netInterestIncome": "10068000", "interestIncome": "10068000", "interestExpense": "None", "nonInterestIncome": "None", "otherNonOperatingIncome": "10068000", "depreciation": "None", "depreciationAndAmortization": "201979000", "incomeBeforeTax": "84670000", "incomeTaxExpense": "-91883000", "interestAndDebtExpense": "None", "netIncomeFromContinuingOperations": "176553000", "comprehensiveIncomeNetOfTax": "173976000", "ebit": "258368000", "ebitda": "470415000", "netIncome": "176553000"}, {"fiscalDateEnding": "2017-12-31", "reportedCurrency": "USD", "grossProfit": "1316627000", "totalRevenue": "4476412000", "costOfRevenue": "3159785000", "costofGoodsAndServicesSold": "2741420000", "operatingIncome": "270794000", "sellingGeneralAndAdministrative": "402733000", "researchAndDevelopment": "None", "operatingExpenses": "1070223000", "investmentIncomeNet": "None", "netInterestIncome": "4949000", "interestIncome": "4949000", "interestExpense": "-1520000", "nonInterestIncome": "None", "otherNonOperatingIncome": "4949000", "depreciation": "None", "depreciationAndAmortization": "163348000", "incomeBeforeTax": "275743000", "incomeTaxExpense": "99490000", "interestAndDebtExpense": "None", "netIncomeFromContinuingOperations": "176253000", "comprehensiveIncomeNetOfTax": "180756000", "ebit": "270794000", "ebitda": "439091000", "netIncome": "176253000"}, {"fiscalDateEnding": "2016-12-31", "reportedCurrency": "USD", "grossProfit": "1005533000", "totalRevenue": "3904384000", "costOfRevenue": "2898851000", "costofGoodsAndServicesSold": "2470581000", "operatingIncome": "34567000", "sellingGeneralAndAdministrative": "379209000", "researchAndDevelopment": "None", "operatingExpenses": "1069961000", "investmentIncomeNet": "None", "netInterestIncome": "4172000", "interestIncome": "4172000", "interestExpense": "-586000", "nonInterestIncome": "None", "otherNonOperatingIncome": "4172000", "depreciation": "None", "depreciationAndAmortization": "146368000", "incomeBeforeTax": "38739000", "incomeTaxExpense": "15801000", "interestAndDebtExpense": "None", "netIncomeFromContinuingOperations": "22938000", "comprehensiveIncomeNetOfTax": "23049000", "ebit": "34567000", "ebitda": "185107000", "netIncome": "22938000"}], "quarterlyReports": [{"fiscalDateEnding": "2021-09-30", "reportedCurrency": "USD", "grossProfit": "706121000", "totalRevenue": "1952315000", "costOfRevenue": "1246194000", "costofGoodsAndServicesSold": "1094089000", "operatingIncome": "239680000", "sellingGeneralAndAdministrative": "145930000", "researchAndDevelopment": "None", "operatingExpenses": "446755000", "investmentIncomeNet": "None", "netInterestIncome": "-126000", "interestIncome": "-126000", "interestExpense": "126000", "nonInterestIncome": "None", "otherNonOperatingIncome": "-126000", "depreciation": "None", "depreciationAndAmortization": "-42294000", "incomeBeforeTax": "239554000", "incomeTaxExpense": "35120000", "interestAndDebtExpense": "None", "netIncomeFromContinuingOperations": "204434000", "comprehensiveIncomeNetOfTax": "203478000", "ebit": "239680000", "ebitda": "197386000", "netIncome": "204434000"}, {"fiscalDateEnding": "2021-06-30", "reportedCurrency": "USD", "grossProfit": "701594000", "totalRevenue": "1892538000", "costOfRevenue": "1190944000", "costofGoodsAndServicesSold": "1038984000", "operatingIncome": "245525000", "sellingGeneralAndAdministrative": "146044000", "researchAndDevelopment": "None", "operatingExpenses": "439202000", "investmentIncomeNet": "None", "netInterestIncome": "851000", "interestIncome": "851000", "interestExpense": "None", "nonInterestIncome": "None", "otherNonOperatingIncome": "851000", "depreciation": "None", "depreciationAndAmortization": "118298000", "incomeBeforeTax": "246376000", "incomeTaxExpense": "58402000", "interestAndDebtExpense": "None", "netIncomeFromContinuingOperations": "187974000", "comprehensiveIncomeNetOfTax": "188279000", "ebit": "245525000", "ebitda": "364674000", "netIncome": "187974000"}, {"fiscalDateEnding": "2021-03-31", "reportedCurrency": "USD", "grossProfit": "622455000", "totalRevenue": "1741575000", "costOfRevenue": "1119120000", "costofGoodsAndServicesSold": "956340000", "operatingIncome": "161442000", "sellingGeneralAndAdministrative": "155103000", "researchAndDevelopment": "None", "operatingExpenses": "457215000", "investmentIncomeNet": "None", "netInterestIncome": "-2168000", "interestIncome": "-2168000", "interestExpense": "2168000", "nonInterestIncome": "None", "otherNonOperatingIncome": "-2168000", "depreciation": "None", "depreciationAndAmortization": "112391000", "incomeBeforeTax": "159274000", "incomeTaxExpense": "32173000", "interestAndDebtExpense": "None", "netIncomeFromContinuingOperations": "127101000", "comprehensiveIncomeNetOfTax": "126838000", "ebit": "161442000", "ebitda": "273833000", "netIncome": "127101000"}, {"fiscalDateEnding": "2020-12-31", "reportedCurrency": "USD", "grossProfit": "1607710000", "totalRevenue": "1607710000", "costOfRevenue": "1214636000", "costofGoodsAndServicesSold": "906814000", "operatingIncome": "116886000", "sellingGeneralAndAdministrative": "282594000", "researchAndDevelopment": "None", "operatingExpenses": "596585000", "investmentIncomeNet": "None", "netInterestIncome": "846000", "interestIncome": "846000", "interestExpense": "None", "nonInterestIncome": "None", "otherNonOperatingIncome": "846000", "depreciation": "None", "depreciationAndAmortization": "108442000", "incomeBeforeTax": "241702000", "incomeTaxExpense": "50743000", "interestAndDebtExpense": "None", "netIncomeFromContinuingOperations": "116886000", "comprehensiveIncomeNetOfTax": "192174000", "ebit": "116886000", "ebitda": "226174000", "netIncome": "190959000"}, {"fiscalDateEnding": "2020-09-30", "reportedCurrency": "USD", "grossProfit": "539600000", "totalRevenue": "1601414000", "costOfRevenue": "1061814000", "costofGoodsAndServicesSold": "923079000", "operatingIncome": "107096000", "sellingGeneralAndAdministrative": "133150000", "researchAndDevelopment": "None", "operatingExpenses": "407151000", "investmentIncomeNet": "None", "netInterestIncome": "-595000", "interestIncome": "-595000", "interestExpense": "595000", "nonInterestIncome": "None", "otherNonOperatingIncome": "-595000", "depreciation": "None", "depreciationAndAmortization": "108093000", "incomeBeforeTax": "106501000", "incomeTaxExpense": "26257000", "interestAndDebtExpense": "None", "netIncomeFromContinuingOperations": "80244000", "comprehensiveIncomeNetOfTax": "80949000", "ebit": "107096000", "ebitda": "215189000", "netIncome": "80244000"}, {"fiscalDateEnding": "2020-06-30", "reportedCurrency": "USD", "grossProfit": "406015000", "totalRevenue": "1364738000", "costOfRevenue": "958723000", "costofGoodsAndServicesSold": "840022000", "operatingIncome": "-4939000", "sellingGeneralAndAdministrative": "102647000", "researchAndDevelopment": "None", "operatingExpenses": "381079000", "investmentIncomeNet": "None", "netInterestIncome": "623000", "interestIncome": "623000", "interestExpense": "None", "nonInterestIncome": "None", "otherNonOperatingIncome": "623000", "depreciation": "None", "depreciationAndAmortization": "105202000", "incomeBeforeTax": "-4316000", "incomeTaxExpense": "-12491000", "interestAndDebtExpense": "None", "netIncomeFromContinuingOperations": "8175000", "comprehensiveIncomeNetOfTax": "9230000", "ebit": "-4939000", "ebitda": "100886000", "netIncome": "8175000"}, {"fiscalDateEnding": "2020-03-31", "reportedCurrency": "USD", "grossProfit": "442865000", "totalRevenue": "1410772000", "costOfRevenue": "967907000", "costofGoodsAndServicesSold": "855864000", "operatingIncome": "71121000", "sellingGeneralAndAdministrative": "106470000", "researchAndDevelopment": "None", "operatingExpenses": "322715000", "investmentIncomeNet": "None", "netInterestIncome": "2743000", "interestIncome": "2743000", "interestExpense": "None", "nonInterestIncome": "None", "otherNonOperatingIncome": "2743000", "depreciation": "None", "depreciationAndAmortization": "101335000", "incomeBeforeTax": "73864000", "incomeTaxExpense": "-2524000", "interestAndDebtExpense": "None", "netIncomeFromContinuingOperations": "76388000", "comprehensiveIncomeNetOfTax": "74547000", "ebit": "71121000", "ebitda": "175199000", "netIncome": "76388000"}, {"fiscalDateEnding": "2019-12-31", "reportedCurrency": "USD", "grossProfit": "1436469000", "totalRevenue": "1440224000", "costOfRevenue": "3755000", "costofGoodsAndServicesSold": "858289000", "operatingIncome": "98156000", "sellingGeneralAndAdministrative": "253983000", "researchAndDevelopment": "None", "operatingExpenses": "3755000", "investmentIncomeNet": "None", "netInterestIncome": "2840000", "interestIncome": "2840000", "interestExpense": "None", "nonInterestIncome": "None", "otherNonOperatingIncome": "2840000", "depreciation": "None", "depreciationAndAmortization": "101479000", "incomeBeforeTax": "-115258000", "incomeTaxExpense": "-187674000", "interestAndDebtExpense": "None", "netIncomeFromContinuingOperations": "98156000", "comprehensiveIncomeNetOfTax": "72940000", "ebit": "98156000", "ebitda": "202475000", "netIncome": "72416000"}, {"fiscalDateEnding": "2019-09-30", "reportedCurrency": "USD", "grossProfit": "444590000", "totalRevenue": "1403697000", "costOfRevenue": "959107000", "costofGoodsAndServicesSold": "840141000", "operatingIncome": "115621000", "sellingGeneralAndAdministrative": "115070000", "researchAndDevelopment": "None", "operatingExpenses": "299225000", "investmentIncomeNet": "None", "netInterestIncome": "4411000", "interestIncome": "4411000", "interestExpense": "None", "nonInterestIncome": "None", "otherNonOperatingIncome": "4411000", "depreciation": "None", "depreciationAndAmortization": "92390000", "incomeBeforeTax": "120032000", "incomeTaxExpense": "21450000", "interestAndDebtExpense": "None", "netIncomeFromContinuingOperations": "98582000", "comprehensiveIncomeNetOfTax": "97956000", "ebit": "115621000", "ebitda": "212422000", "netIncome": "98582000"}, {"fiscalDateEnding": "2019-06-30", "reportedCurrency": "USD", "grossProfit": "439438000", "totalRevenue": "1434231000", "costOfRevenue": "994793000", "costofGoodsAndServicesSold": "851337000", "operatingIncome": "120020000", "sellingGeneralAndAdministrative": "121395000", "researchAndDevelopment": "None", "operatingExpenses": "336765000", "investmentIncomeNet": "None", "netInterestIncome": "3947000", "interestIncome": "3947000", "interestExpense": "None", "nonInterestIncome": "None", "otherNonOperatingIncome": "3947000", "depreciation": "None", "depreciationAndAmortization": "90975000", "incomeBeforeTax": "123967000", "incomeTaxExpense": "32939000", "interestAndDebtExpense": "None", "netIncomeFromContinuingOperations": "91028000", "comprehensiveIncomeNetOfTax": "91625000", "ebit": "120020000", "ebitda": "214942000", "netIncome": "91028000"}, {"fiscalDateEnding": "2019-03-31", "reportedCurrency": "USD", "grossProfit": "434397000", "totalRevenue": "1308217000", "costOfRevenue": "873820000", "costofGoodsAndServicesSold": "770209000", "operatingIncome": "110161000", "sellingGeneralAndAdministrative": "102671000", "researchAndDevelopment": "None", "operatingExpenses": "278560000", "investmentIncomeNet": "None", "netInterestIncome": "3129000", "interestIncome": "None", "interestExpense": "None", "nonInterestIncome": "None", "otherNonOperatingIncome": "3129000", "depreciation": "None", "depreciationAndAmortization": "91886000", "incomeBeforeTax": "113290000", "incomeTaxExpense": "25158000", "interestAndDebtExpense": "None", "netIncomeFromContinuingOperations": "88132000", "comprehensiveIncomeNetOfTax": "88510000", "ebit": "110161000", "ebitda": "205176000", "netIncome": "88132000"}, {"fiscalDateEnding": "2018-12-31", "reportedCurrency": "USD", "grossProfit": "1225061000", "totalRevenue": "1225061000", "costOfRevenue": "896881000", "costofGoodsAndServicesSold": "739045000", "operatingIncome": "39612000", "sellingGeneralAndAdministrative": "215415000", "researchAndDevelopment": "None", "operatingExpenses": "347148000", "investmentIncomeNet": "None", "netInterestIncome": "None", "interestIncome": "None", "interestExpense": "None", "nonInterestIncome": "None", "otherNonOperatingIncome": "3858000", "depreciation": "None", "depreciationAndAmortization": "53217000", "incomeBeforeTax": "-140296000", "incomeTaxExpense": "-172315000", "interestAndDebtExpense": "None", "netIncomeFromContinuingOperations": "39612000", "comprehensiveIncomeNetOfTax": "30638000", "ebit": "39612000", "ebitda": "96687000", "netIncome": "32019000"}, {"fiscalDateEnding": "2018-09-30", "reportedCurrency": "USD", "grossProfit": "359365000", "totalRevenue": "1225007000", "costOfRevenue": "865642000", "costofGoodsAndServicesSold": "742078000", "operatingIncome": "57991000", "sellingGeneralAndAdministrative": "109524000", "researchAndDevelopment": "None", "operatingExpenses": "291052000", "investmentIncomeNet": "None", "netInterestIncome": "None", "interestIncome": "None", "interestExpense": "None", "nonInterestIncome": "None", "otherNonOperatingIncome": "2493000", "depreciation": "None", "depreciationAndAmortization": "52654000", "incomeBeforeTax": "60484000", "incomeTaxExpense": "22280000", "interestAndDebtExpense": "None", "netIncomeFromContinuingOperations": "38204000", "comprehensiveIncomeNetOfTax": "38475000", "ebit": "57991000", "ebitda": "113138000", "netIncome": "38204000"}, {"fiscalDateEnding": "2018-06-30", "reportedCurrency": "USD", "grossProfit": "380153000", "totalRevenue": "1266520000", "costOfRevenue": "886367000", "costofGoodsAndServicesSold": "754938000", "operatingIncome": "67957000", "sellingGeneralAndAdministrative": "85153000", "researchAndDevelopment": "None", "operatingExpenses": "306600000", "investmentIncomeNet": "None", "netInterestIncome": "None", "interestIncome": "None", "interestExpense": "None", "nonInterestIncome": "None", "otherNonOperatingIncome": "2323000", "depreciation": "None", "depreciationAndAmortization": "49193000", "incomeBeforeTax": "70280000", "incomeTaxExpense": "23396000", "interestAndDebtExpense": "None", "netIncomeFromContinuingOperations": "46884000", "comprehensiveIncomeNetOfTax": "45386000", "ebit": "67957000", "ebitda": "119473000", "netIncome": "46884000"}, {"fiscalDateEnding": "2018-03-31", "reportedCurrency": "USD", "grossProfit": "377907000", "totalRevenue": "1148397000", "costOfRevenue": "770490000", "costofGoodsAndServicesSold": "690778000", "operatingIncome": "92808000", "sellingGeneralAndAdministrative": "77063000", "researchAndDevelopment": "None", "operatingExpenses": "227781000", "investmentIncomeNet": "None", "netInterestIncome": "None", "interestIncome": "None", "interestExpense": "None", "nonInterestIncome": "None", "otherNonOperatingIncome": "1394000", "depreciation": "None", "depreciationAndAmortization": "46915000", "incomeBeforeTax": "94202000", "incomeTaxExpense": "34756000", "interestAndDebtExpense": "None", "netIncomeFromContinuingOperations": "59446000", "comprehensiveIncomeNetOfTax": "59477000", "ebit": "92808000", "ebitda": "141117000", "netIncome": "59446000"}, {"fiscalDateEnding": "2017-12-31", "reportedCurrency": "USD", "grossProfit": "1110100000", "totalRevenue": "1110100000", "costOfRevenue": "850804000", "costofGoodsAndServicesSold": "685342000", "operatingIncome": "60029000", "sellingGeneralAndAdministrative": "164035000", "researchAndDevelopment": "None", "operatingExpenses": "340533000", "investmentIncomeNet": "None", "netInterestIncome": "None", "interestIncome": "None", "interestExpense": "None", "nonInterestIncome": "None", "otherNonOperatingIncome": "1437000", "depreciation": "None", "depreciationAndAmortization": "41442000", "incomeBeforeTax": "61466000", "incomeTaxExpense": "17673000", "interestAndDebtExpense": "None", "netIncomeFromContinuingOperations": "60029000", "comprehensiveIncomeNetOfTax": "43779000", "ebit": "60029000", "ebitda": "102908000", "netIncome": "43793000"}, {"fiscalDateEnding": "2017-09-30", "reportedCurrency": "USD", "grossProfit": "322244000", "totalRevenue": "1128074000", "costOfRevenue": "805830000", "costofGoodsAndServicesSold": "701429000", "operatingIncome": "30867000", "sellingGeneralAndAdministrative": "99182000", "researchAndDevelopment": "None", "operatingExpenses": "266713000", "investmentIncomeNet": "None", "netInterestIncome": "None", "interestIncome": "None", "interestExpense": "None", "nonInterestIncome": "None", "otherNonOperatingIncome": "1275000", "depreciation": "None", "depreciationAndAmortization": "41546000", "incomeBeforeTax": "32142000", "incomeTaxExpense": "12532000", "interestAndDebtExpense": "None", "netIncomeFromContinuingOperations": "19610000", "comprehensiveIncomeNetOfTax": "21556000", "ebit": "30867000", "ebitda": "73688000", "netIncome": "19610000"}, {"fiscalDateEnding": "2017-06-30", "reportedCurrency": "USD", "grossProfit": "391428000", "totalRevenue": "1169409000", "costOfRevenue": "777981000", "costofGoodsAndServicesSold": "705003000", "operatingIncome": "106725000", "sellingGeneralAndAdministrative": "70075000", "researchAndDevelopment": "None", "operatingExpenses": "236663000", "investmentIncomeNet": "None", "netInterestIncome": "None", "interestIncome": "None", "interestExpense": "None", "nonInterestIncome": "None", "otherNonOperatingIncome": "1049000", "depreciation": "None", "depreciationAndAmortization": "41081000", "incomeBeforeTax": "107774000", "incomeTaxExpense": "41044000", "interestAndDebtExpense": "None", "netIncomeFromContinuingOperations": "66730000", "comprehensiveIncomeNetOfTax": "68808000", "ebit": "106725000", "ebitda": "148855000", "netIncome": "66730000"}, {"fiscalDateEnding": "2017-03-31", "reportedCurrency": "USD", "grossProfit": "345673000", "totalRevenue": "1068829000", "costOfRevenue": "723156000", "costofGoodsAndServicesSold": "649646000", "operatingIncome": "73173000", "sellingGeneralAndAdministrative": "69441000", "researchAndDevelopment": "None", "operatingExpenses": "224299000", "investmentIncomeNet": "None", "netInterestIncome": "None", "interestIncome": "None", "interestExpense": "None", "nonInterestIncome": "None", "otherNonOperatingIncome": "1188000", "depreciation": "None", "depreciationAndAmortization": "39279000", "incomeBeforeTax": "74361000", "incomeTaxExpense": "28241000", "interestAndDebtExpense": "None", "netIncomeFromContinuingOperations": "46120000", "comprehensiveIncomeNetOfTax": "46613000", "ebit": "73173000", "ebitda": "113640000", "netIncome": "46120000"}, {"fiscalDateEnding": "2016-12-31", "reportedCurrency": "USD", "grossProfit": "1034560000", "totalRevenue": "1034560000", "costOfRevenue": "853917000", "costofGoodsAndServicesSold": "649862000", "operatingIncome": "30550000", "sellingGeneralAndAdministrative": "168038000", "researchAndDevelopment": "None", "operatingExpenses": "372257000", "investmentIncomeNet": "None", "netInterestIncome": "None", "interestIncome": "None", "interestExpense": "None", "nonInterestIncome": "None", "otherNonOperatingIncome": "588000", "depreciation": "None", "depreciationAndAmortization": "38072000", "incomeBeforeTax": "31138000", "incomeTaxExpense": "15163000", "interestAndDebtExpense": "None", "netIncomeFromContinuingOperations": "30550000", "comprehensiveIncomeNetOfTax": "13259000", "ebit": "30550000", "ebitda": "69210000", "netIncome": "15975000"}]}