{"symbol": "COF", "annualReports": [{"fiscalDateEnding": "2020-12-31", "reportedCurrency": "USD", "grossProfit": "3203000000", "totalRevenue": "28523000000", "costOfRevenue": "25320000000", "costofGoodsAndServicesSold": "None", "operatingIncome": "-7114000000", "sellingGeneralAndAdministrative": "5504000000", "researchAndDevelopment": "None", "operatingExpenses": "10317000000", "investmentIncomeNet": "None", "netInterestIncome": "22913000000", "interestIncome": "26033000000", "interestExpense": "3120000000", "nonInterestIncome": "5610000000", "otherNonOperatingIncome": "None", "depreciation": "809000000", "depreciationAndAmortization": "3501000000", "incomeBeforeTax": "3200000000", "incomeTaxExpense": "486000000", "interestAndDebtExpense": "3120000000", "netIncomeFromContinuingOperations": "2717000000", "comprehensiveIncomeNetOfTax": "5060000000", "ebit": "6320000000", "ebitda": "9821000000", "netIncome": "2714000000"}, {"fiscalDateEnding": "2019-12-31", "reportedCurrency": "USD", "grossProfit": "6874000000", "totalRevenue": "28593000000", "costOfRevenue": "21719000000", "costofGoodsAndServicesSold": "None", "operatingIncome": "-3986000000", "sellingGeneralAndAdministrative": "6256000000", "researchAndDevelopment": "None", "operatingExpenses": "10860000000", "investmentIncomeNet": "None", "netInterestIncome": "23340000000", "interestIncome": "28513000000", "interestExpense": "5173000000", "nonInterestIncome": "5253000000", "otherNonOperatingIncome": "None", "depreciation": "741000000", "depreciationAndAmortization": "3339000000", "incomeBeforeTax": "6887000000", "incomeTaxExpense": "1341000000", "interestAndDebtExpense": "5173000000", "netIncomeFromContinuingOperations": "5533000000", "comprehensiveIncomeNetOfTax": "7077000000", "ebit": "12060000000", "ebitda": "15399000000", "netIncome": "5546000000"}, {"fiscalDateEnding": "2018-12-31", "reportedCurrency": "USD", "grossProfit": "7318000000", "totalRevenue": "28076000000", "costOfRevenue": "20758000000", "costofGoodsAndServicesSold": "23406000000", "operatingIncome": "-2301000000", "sellingGeneralAndAdministrative": "6044000000", "researchAndDevelopment": "None", "operatingExpenses": "9619000000", "investmentIncomeNet": "None", "netInterestIncome": "22875000000", "interestIncome": "27176000000", "interestExpense": "4301000000", "nonInterestIncome": "5201000000", "otherNonOperatingIncome": "None", "depreciation": "728000000", "depreciationAndAmortization": "2396000000", "incomeBeforeTax": "7308000000", "incomeTaxExpense": "1293000000", "interestAndDebtExpense": "4301000000", "netIncomeFromContinuingOperations": "6025000000", "comprehensiveIncomeNetOfTax": "5879000000", "ebit": "11609000000", "ebitda": "14005000000", "netIncome": "6015000000"}, {"fiscalDateEnding": "2017-12-31", "reportedCurrency": "USD", "grossProfit": "5492000000", "totalRevenue": "27237000000", "costOfRevenue": "21745000000", "costofGoodsAndServicesSold": "22099000000", "operatingIncome": "-9221000000", "sellingGeneralAndAdministrative": "10992000000", "researchAndDevelopment": "None", "operatingExpenses": "14713000000", "investmentIncomeNet": "None", "netInterestIncome": "22460000000", "interestIncome": "25222000000", "interestExpense": "2762000000", "nonInterestIncome": "4777000000", "otherNonOperatingIncome": "None", "depreciation": "662000000", "depreciationAndAmortization": "2440000000", "incomeBeforeTax": "5357000000", "incomeTaxExpense": "3375000000", "interestAndDebtExpense": "2762000000", "netIncomeFromContinuingOperations": "2117000000", "comprehensiveIncomeNetOfTax": "2005000000", "ebit": "8119000000", "ebitda": "10559000000", "netIncome": "1982000000"}, {"fiscalDateEnding": "2016-12-31", "reportedCurrency": "USD", "grossProfit": "5484000000", "totalRevenue": "25501000000", "costOfRevenue": "20017000000", "costofGoodsAndServicesSold": "19973000000", "operatingIncome": "-8475000000", "sellingGeneralAndAdministrative": "10456000000", "researchAndDevelopment": "None", "operatingExpenses": "13959000000", "investmentIncomeNet": "None", "netInterestIncome": "20873000000", "interestIncome": "22891000000", "interestExpense": "2018000000", "nonInterestIncome": "4628000000", "otherNonOperatingIncome": "None", "depreciation": "710000000", "depreciationAndAmortization": "2428000000", "incomeBeforeTax": "5465000000", "incomeTaxExpense": "1714000000", "interestAndDebtExpense": "2018000000", "netIncomeFromContinuingOperations": "3770000000", "comprehensiveIncomeNetOfTax": "3418000000", "ebit": "7483000000", "ebitda": "9911000000", "netIncome": "3751000000"}], "quarterlyReports": [{"fiscalDateEnding": "2021-09-30", "reportedCurrency": "USD", "grossProfit": "3986000000", "totalRevenue": "7830000000", "costOfRevenue": "3844000000", "costofGoodsAndServicesSold": "None", "operatingIncome": "2072000000", "sellingGeneralAndAdministrative": "1551000000", "researchAndDevelopment": "None", "operatingExpenses": "1914000000", "investmentIncomeNet": "None", "netInterestIncome": "6156000000", "interestIncome": "6538000000", "interestExpense": "382000000", "nonInterestIncome": "1674000000", "otherNonOperatingIncome": "None", "depreciation": "None", "depreciationAndAmortization": "914000000", "incomeBeforeTax": "3986000000", "incomeTaxExpense": "882000000", "interestAndDebtExpense": "382000000", "netIncomeFromContinuingOperations": "3104000000", "comprehensiveIncomeNetOfTax": "2672000000", "ebit": "4368000000", "ebitda": "5282000000", "netIncome": "3104000000"}, {"fiscalDateEnding": "2021-06-30", "reportedCurrency": "USD", "grossProfit": "4568000000", "totalRevenue": "7374000000", "costOfRevenue": "2806000000", "costofGoodsAndServicesSold": "None", "operatingIncome": "2764000000", "sellingGeneralAndAdministrative": "1458000000", "researchAndDevelopment": "None", "operatingExpenses": "1804000000", "investmentIncomeNet": "None", "netInterestIncome": "5743000000", "interestIncome": "6139000000", "interestExpense": "396000000", "nonInterestIncome": "1631000000", "otherNonOperatingIncome": "None", "depreciation": "None", "depreciationAndAmortization": "859000000", "incomeBeforeTax": "4567000000", "incomeTaxExpense": "1031000000", "interestAndDebtExpense": "396000000", "netIncomeFromContinuingOperations": "3537000000", "comprehensiveIncomeNetOfTax": "3545000000", "ebit": "4963000000", "ebitda": "5822000000", "netIncome": "3536000000"}, {"fiscalDateEnding": "2021-03-31", "reportedCurrency": "USD", "grossProfit": "4196000000", "totalRevenue": "7113000000", "costOfRevenue": "2917000000", "costofGoodsAndServicesSold": "None", "operatingIncome": "1774000000", "sellingGeneralAndAdministrative": "1275000000", "researchAndDevelopment": "None", "operatingExpenses": "2422000000", "investmentIncomeNet": "None", "netInterestIncome": "5822000000", "interestIncome": "6261000000", "interestExpense": "439000000", "nonInterestIncome": "1291000000", "otherNonOperatingIncome": "None", "depreciation": "None", "depreciationAndAmortization": "855000000", "incomeBeforeTax": "4194000000", "incomeTaxExpense": "869000000", "interestAndDebtExpense": "439000000", "netIncomeFromContinuingOperations": "3327000000", "comprehensiveIncomeNetOfTax": "1614000000", "ebit": "4633000000", "ebitda": "5488000000", "netIncome": "3325000000"}, {"fiscalDateEnding": "2020-12-31", "reportedCurrency": "USD", "grossProfit": "3064000000", "totalRevenue": "7337000000", "costOfRevenue": "4273000000", "costofGoodsAndServicesSold": "None", "operatingIncome": "-121000000", "sellingGeneralAndAdministrative": "1991000000", "researchAndDevelopment": "None", "operatingExpenses": "3185000000", "investmentIncomeNet": "None", "netInterestIncome": "5873000000", "interestIncome": "6391000000", "interestExpense": "518000000", "nonInterestIncome": "1464000000", "otherNonOperatingIncome": "None", "depreciation": "None", "depreciationAndAmortization": "800000000", "incomeBeforeTax": "3062000000", "incomeTaxExpense": "496000000", "interestAndDebtExpense": "518000000", "netIncomeFromContinuingOperations": "2568000000", "comprehensiveIncomeNetOfTax": "2227000000", "ebit": "3580000000", "ebitda": "4380000000", "netIncome": "2566000000"}, {"fiscalDateEnding": "2020-09-30", "reportedCurrency": "USD", "grossProfit": "3502000000", "totalRevenue": "7381000000", "costOfRevenue": "3879000000", "costofGoodsAndServicesSold": "None", "operatingIncome": "2062000000", "sellingGeneralAndAdministrative": "1099000000", "researchAndDevelopment": "None", "operatingExpenses": "1440000000", "investmentIncomeNet": "None", "netInterestIncome": "5555000000", "interestIncome": "6215000000", "interestExpense": "660000000", "nonInterestIncome": "1826000000", "otherNonOperatingIncome": "None", "depreciation": "None", "depreciationAndAmortization": "897000000", "incomeBeforeTax": "3502000000", "incomeTaxExpense": "1096000000", "interestAndDebtExpense": "660000000", "netIncomeFromContinuingOperations": "2406000000", "comprehensiveIncomeNetOfTax": "2258000000", "ebit": "4162000000", "ebitda": "5059000000", "netIncome": "2406000000"}, {"fiscalDateEnding": "2020-06-30", "reportedCurrency": "USD", "grossProfit": "-1460000000", "totalRevenue": "6556000000", "costOfRevenue": "8016000000", "costofGoodsAndServicesSold": "None", "operatingIncome": "-2884000000", "sellingGeneralAndAdministrative": "1104000000", "researchAndDevelopment": "None", "operatingExpenses": "1424000000", "investmentIncomeNet": "None", "netInterestIncome": "5460000000", "interestIncome": "6318000000", "interestExpense": "858000000", "nonInterestIncome": "1096000000", "otherNonOperatingIncome": "None", "depreciation": "None", "depreciationAndAmortization": "911000000", "incomeBeforeTax": "-1461000000", "incomeTaxExpense": "-543000000", "interestAndDebtExpense": "858000000", "netIncomeFromContinuingOperations": "-917000000", "comprehensiveIncomeNetOfTax": "-616000000", "ebit": "-603000000", "ebitda": "308000000", "netIncome": "-918000000"}, {"fiscalDateEnding": "2020-03-31", "reportedCurrency": "USD", "grossProfit": "-1903000000", "totalRevenue": "7249000000", "costOfRevenue": "9152000000", "costofGoodsAndServicesSold": "None", "operatingIncome": "-4393000000", "sellingGeneralAndAdministrative": "1310000000", "researchAndDevelopment": "None", "operatingExpenses": "2490000000", "investmentIncomeNet": "None", "netInterestIncome": "6025000000", "interestIncome": "7109000000", "interestExpense": "1084000000", "nonInterestIncome": "1224000000", "otherNonOperatingIncome": "None", "depreciation": "None", "depreciationAndAmortization": "893000000", "incomeBeforeTax": "-1903000000", "incomeTaxExpense": "-563000000", "interestAndDebtExpense": "1084000000", "netIncomeFromContinuingOperations": "-1340000000", "comprehensiveIncomeNetOfTax": "1191000000", "ebit": "-819000000", "ebitda": "74000000", "netIncome": "-1340000000"}, {"fiscalDateEnding": "2019-12-31", "reportedCurrency": "USD", "grossProfit": "1448000000", "totalRevenue": "7427000000", "costOfRevenue": "5979000000", "costofGoodsAndServicesSold": "None", "operatingIncome": "-1756000000", "sellingGeneralAndAdministrative": "1953000000", "researchAndDevelopment": "None", "operatingExpenses": "3204000000", "investmentIncomeNet": "None", "netInterestIncome": "6066000000", "interestIncome": "7270000000", "interestExpense": "1204000000", "nonInterestIncome": "1361000000", "otherNonOperatingIncome": "None", "depreciation": "None", "depreciationAndAmortization": "905000000", "incomeBeforeTax": "1446000000", "incomeTaxExpense": "270000000", "interestAndDebtExpense": "1204000000", "netIncomeFromContinuingOperations": "1178000000", "comprehensiveIncomeNetOfTax": "991000000", "ebit": "2650000000", "ebitda": "3555000000", "netIncome": "1176000000"}, {"fiscalDateEnding": "2019-09-30", "reportedCurrency": "USD", "grossProfit": "1704000000", "totalRevenue": "6959000000", "costOfRevenue": "5255000000", "costofGoodsAndServicesSold": "None", "operatingIncome": "-62000000", "sellingGeneralAndAdministrative": "1427000000", "researchAndDevelopment": "None", "operatingExpenses": "1766000000", "investmentIncomeNet": "None", "netInterestIncome": "5737000000", "interestIncome": "7075000000", "interestExpense": "1338000000", "nonInterestIncome": "1222000000", "otherNonOperatingIncome": "None", "depreciation": "None", "depreciationAndAmortization": "849000000", "incomeBeforeTax": "1708000000", "incomeTaxExpense": "375000000", "interestAndDebtExpense": "1338000000", "netIncomeFromContinuingOperations": "1329000000", "comprehensiveIncomeNetOfTax": "1616000000", "ebit": "3046000000", "ebitda": "3895000000", "netIncome": "1333000000"}, {"fiscalDateEnding": "2019-06-30", "reportedCurrency": "USD", "grossProfit": "2003000000", "totalRevenue": "7124000000", "costOfRevenue": "5121000000", "costofGoodsAndServicesSold": "None", "operatingIncome": "264000000", "sellingGeneralAndAdministrative": "1396000000", "researchAndDevelopment": "None", "operatingExpenses": "1739000000", "investmentIncomeNet": "None", "netInterestIncome": "5746000000", "interestIncome": "7076000000", "interestExpense": "1330000000", "nonInterestIncome": "1378000000", "otherNonOperatingIncome": "None", "depreciation": "None", "depreciationAndAmortization": "881000000", "incomeBeforeTax": "2012000000", "incomeTaxExpense": "387000000", "interestAndDebtExpense": "1330000000", "netIncomeFromContinuingOperations": "1616000000", "comprehensiveIncomeNetOfTax": "2455000000", "ebit": "3342000000", "ebitda": "4223000000", "netIncome": "1625000000"}, {"fiscalDateEnding": "2019-03-31", "reportedCurrency": "USD", "grossProfit": "1719000000", "totalRevenue": "7083000000", "costOfRevenue": "5364000000", "costofGoodsAndServicesSold": "None", "operatingIncome": "-589000000", "sellingGeneralAndAdministrative": "1313000000", "researchAndDevelopment": "None", "operatingExpenses": "2308000000", "investmentIncomeNet": "None", "netInterestIncome": "5791000000", "interestIncome": "7092000000", "interestExpense": "1301000000", "nonInterestIncome": "1292000000", "otherNonOperatingIncome": "None", "depreciation": "None", "depreciationAndAmortization": "704000000", "incomeBeforeTax": "1721000000", "incomeTaxExpense": "309000000", "interestAndDebtExpense": "1301000000", "netIncomeFromContinuingOperations": "1410000000", "comprehensiveIncomeNetOfTax": "2015000000", "ebit": "3022000000", "ebitda": "3726000000", "netIncome": "1412000000"}, {"fiscalDateEnding": "2018-12-31", "reportedCurrency": "USD", "grossProfit": "1243000000", "totalRevenue": "7013000000", "costOfRevenue": "5770000000", "costofGoodsAndServicesSold": "6776000000", "operatingIncome": "-2117000000", "sellingGeneralAndAdministrative": "2259000000", "researchAndDevelopment": "None", "operatingExpenses": "3360000000", "investmentIncomeNet": "None", "netInterestIncome": "5820000000", "interestIncome": "7048000000", "interestExpense": "1228000000", "nonInterestIncome": "1193000000", "otherNonOperatingIncome": "None", "depreciation": "None", "depreciationAndAmortization": "675000000", "incomeBeforeTax": "1240000000", "incomeTaxExpense": "-21000000", "interestAndDebtExpense": "1228000000", "netIncomeFromContinuingOperations": "1264000000", "comprehensiveIncomeNetOfTax": "1875000000", "ebit": "2468000000", "ebitda": "3143000000", "netIncome": "1261000000"}, {"fiscalDateEnding": "2018-09-30", "reportedCurrency": "USD", "grossProfit": "1921000000", "totalRevenue": "6962000000", "costOfRevenue": "5041000000", "costofGoodsAndServicesSold": "5538000000", "operatingIncome": "272000000", "sellingGeneralAndAdministrative": "1330000000", "researchAndDevelopment": "None", "operatingExpenses": "1649000000", "investmentIncomeNet": "None", "netInterestIncome": "5786000000", "interestIncome": "6895000000", "interestExpense": "1109000000", "nonInterestIncome": "1176000000", "otherNonOperatingIncome": "None", "depreciation": "None", "depreciationAndAmortization": "589000000", "incomeBeforeTax": "1922000000", "incomeTaxExpense": "420000000", "interestAndDebtExpense": "1109000000", "netIncomeFromContinuingOperations": "1501000000", "comprehensiveIncomeNetOfTax": "1418000000", "ebit": "3031000000", "ebitda": "3620000000", "netIncome": "1502000000"}, {"fiscalDateEnding": "2018-06-30", "reportedCurrency": "USD", "grossProfit": "2492000000", "totalRevenue": "7192000000", "costOfRevenue": "4700000000", "costofGoodsAndServicesSold": "5323000000", "operatingIncome": "-475000000", "sellingGeneralAndAdministrative": "2675000000", "researchAndDevelopment": "None", "operatingExpenses": "2967000000", "investmentIncomeNet": "None", "netInterestIncome": "5551000000", "interestIncome": "6596000000", "interestExpense": "1045000000", "nonInterestIncome": "1641000000", "otherNonOperatingIncome": "None", "depreciation": "None", "depreciationAndAmortization": "582000000", "incomeBeforeTax": "2481000000", "incomeTaxExpense": "575000000", "interestAndDebtExpense": "1045000000", "netIncomeFromContinuingOperations": "1917000000", "comprehensiveIncomeNetOfTax": "1712000000", "ebit": "3526000000", "ebitda": "4108000000", "netIncome": "1906000000"}, {"fiscalDateEnding": "2018-03-31", "reportedCurrency": "USD", "grossProfit": "1662000000", "totalRevenue": "6909000000", "costOfRevenue": "5247000000", "costofGoodsAndServicesSold": "5769000000", "operatingIncome": "-1847000000", "sellingGeneralAndAdministrative": "2730000000", "researchAndDevelopment": "None", "operatingExpenses": "3509000000", "investmentIncomeNet": "None", "netInterestIncome": "5718000000", "interestIncome": "6637000000", "interestExpense": "919000000", "nonInterestIncome": "1191000000", "otherNonOperatingIncome": "None", "depreciation": "None", "depreciationAndAmortization": "550000000", "incomeBeforeTax": "1665000000", "incomeTaxExpense": "319000000", "interestAndDebtExpense": "919000000", "netIncomeFromContinuingOperations": "1343000000", "comprehensiveIncomeNetOfTax": "874000000", "ebit": "2584000000", "ebitda": "3134000000", "netIncome": "1346000000"}, {"fiscalDateEnding": "2017-12-31", "reportedCurrency": "USD", "grossProfit": "1308000000", "totalRevenue": "7013000000", "costOfRevenue": "5705000000", "costofGoodsAndServicesSold": "6075000000", "operatingIncome": "-2988000000", "sellingGeneralAndAdministrative": "3117000000", "researchAndDevelopment": "None", "operatingExpenses": "4296000000", "investmentIncomeNet": "None", "netInterestIncome": "5813000000", "interestIncome": "6604000000", "interestExpense": "791000000", "nonInterestIncome": "1200000000", "otherNonOperatingIncome": "None", "depreciation": "None", "depreciationAndAmortization": "721000000", "incomeBeforeTax": "1199000000", "incomeTaxExpense": "2170000000", "interestAndDebtExpense": "791000000", "netIncomeFromContinuingOperations": "-862000000", "comprehensiveIncomeNetOfTax": "-1275000000", "ebit": "1990000000", "ebitda": "2711000000", "netIncome": "-971000000"}, {"fiscalDateEnding": "2017-09-30", "reportedCurrency": "USD", "grossProfit": "1585000000", "totalRevenue": "6985000000", "costOfRevenue": "5400000000", "costofGoodsAndServicesSold": "5597000000", "operatingIncome": "-1441000000", "sellingGeneralAndAdministrative": "2668000000", "researchAndDevelopment": "None", "operatingExpenses": "3026000000", "investmentIncomeNet": "None", "netInterestIncome": "5700000000", "interestIncome": "6420000000", "interestExpense": "720000000", "nonInterestIncome": "1285000000", "otherNonOperatingIncome": "None", "depreciation": "None", "depreciationAndAmortization": "588000000", "incomeBeforeTax": "1555000000", "incomeTaxExpense": "448000000", "interestAndDebtExpense": "720000000", "netIncomeFromContinuingOperations": "1137000000", "comprehensiveIncomeNetOfTax": "1168000000", "ebit": "2275000000", "ebitda": "2863000000", "netIncome": "1107000000"}, {"fiscalDateEnding": "2017-06-30", "reportedCurrency": "USD", "grossProfit": "1490000000", "totalRevenue": "6704000000", "costOfRevenue": "5214000000", "costofGoodsAndServicesSold": "5584000000", "operatingIncome": "-1431000000", "sellingGeneralAndAdministrative": "2581000000", "researchAndDevelopment": "None", "operatingExpenses": "2921000000", "investmentIncomeNet": "None", "netInterestIncome": "5473000000", "interestIncome": "6128000000", "interestExpense": "655000000", "nonInterestIncome": "1231000000", "otherNonOperatingIncome": "None", "depreciation": "None", "depreciationAndAmortization": "565000000", "incomeBeforeTax": "1479000000", "incomeTaxExpense": "443000000", "interestAndDebtExpense": "655000000", "netIncomeFromContinuingOperations": "1047000000", "comprehensiveIncomeNetOfTax": "1287000000", "ebit": "2134000000", "ebitda": "2699000000", "netIncome": "1036000000"}, {"fiscalDateEnding": "2017-03-31", "reportedCurrency": "USD", "grossProfit": "1109000000", "totalRevenue": "6535000000", "costOfRevenue": "5426000000", "costofGoodsAndServicesSold": "5750000000", "operatingIncome": "-2330000000", "sellingGeneralAndAdministrative": "2626000000", "researchAndDevelopment": "None", "operatingExpenses": "3439000000", "investmentIncomeNet": "None", "netInterestIncome": "5474000000", "interestIncome": "6070000000", "interestExpense": "596000000", "nonInterestIncome": "1061000000", "otherNonOperatingIncome": "None", "depreciation": "None", "depreciationAndAmortization": "566000000", "incomeBeforeTax": "1124000000", "incomeTaxExpense": "314000000", "interestAndDebtExpense": "596000000", "netIncomeFromContinuingOperations": "795000000", "comprehensiveIncomeNetOfTax": "825000000", "ebit": "1720000000", "ebitda": "2286000000", "netIncome": "810000000"}, {"fiscalDateEnding": "2016-12-31", "reportedCurrency": "USD", "grossProfit": "-617000000", "totalRevenue": "6566000000", "costOfRevenue": "5431000000", "costofGoodsAndServicesSold": "5719000000", "operatingIncome": "-617000000", "sellingGeneralAndAdministrative": "3175000000", "researchAndDevelopment": "None", "operatingExpenses": "3981000000", "investmentIncomeNet": "None", "netInterestIncome": "5447000000", "interestIncome": "6009000000", "interestExpense": "562000000", "nonInterestIncome": "1119000000", "otherNonOperatingIncome": "None", "depreciation": "None", "depreciationAndAmortization": "609000000", "incomeBeforeTax": "1133000000", "incomeTaxExpense": "342000000", "interestAndDebtExpense": "562000000", "netIncomeFromContinuingOperations": "793000000", "comprehensiveIncomeNetOfTax": "-279000000", "ebit": "1695000000", "ebitda": "2304000000", "netIncome": "791000000"}]}