{"symbol": "CTRA", "annualReports": [{"fiscalDateEnding": "2020-12-31", "reportedCurrency": "USD", "grossProfit": "1059925000", "totalRevenue": "1466624000", "costOfRevenue": "406699000", "costofGoodsAndServicesSold": "73403000", "operatingIncome": "295476000", "sellingGeneralAndAdministrative": "105391000", "researchAndDevelopment": "None", "operatingExpenses": "349206000", "investmentIncomeNet": "None", "netInterestIncome": "-54124000", "interestIncome": "-51163000", "interestExpense": "2961000", "nonInterestIncome": "1527537000", "otherNonOperatingIncome": "-229000", "depreciation": "None", "depreciationAndAmortization": "390903000", "incomeBeforeTax": "241123000", "incomeTaxExpense": "40594000", "interestAndDebtExpense": "2961000", "netIncomeFromContinuingOperations": "200529000", "comprehensiveIncomeNetOfTax": "201588000", "ebit": "295476000", "ebitda": "686150000", "netIncome": "200529000"}, {"fiscalDateEnding": "2019-12-31", "reportedCurrency": "USD", "grossProfit": "1891019000", "totalRevenue": "2066277000", "costOfRevenue": "175258000", "costofGoodsAndServicesSold": "76958000", "operatingIncome": "955750000", "sellingGeneralAndAdministrative": "94870000", "researchAndDevelopment": "None", "operatingExpenses": "1189561000", "investmentIncomeNet": "None", "netInterestIncome": "-54952000", "interestIncome": "-50986000", "interestExpense": "3966000", "nonInterestIncome": "2145585000", "otherNonOperatingIncome": "-574000", "depreciation": "None", "depreciationAndAmortization": "405733000", "incomeBeforeTax": "900224000", "incomeTaxExpense": "219154000", "interestAndDebtExpense": "3966000", "netIncomeFromContinuingOperations": "681070000", "comprehensiveIncomeNetOfTax": "677993000", "ebit": "955750000", "ebitda": "1360909000", "netIncome": "681070000"}, {"fiscalDateEnding": "2018-12-31", "reportedCurrency": "USD", "grossProfit": "2019320000", "totalRevenue": "2188148000", "costOfRevenue": "168828000", "costofGoodsAndServicesSold": "69646000", "operatingIncome": "771801000", "sellingGeneralAndAdministrative": "96641000", "researchAndDevelopment": "None", "operatingExpenses": "1401157000", "investmentIncomeNet": "None", "netInterestIncome": "-73201000", "interestIncome": "-68570000", "interestExpense": "4631000", "nonInterestIncome": "2216280000", "otherNonOperatingIncome": "-463000", "depreciation": "None", "depreciationAndAmortization": "417479000", "incomeBeforeTax": "698137000", "incomeTaxExpense": "141094000", "interestAndDebtExpense": "4631000", "netIncomeFromContinuingOperations": "557043000", "comprehensiveIncomeNetOfTax": "559403000", "ebit": "771801000", "ebitda": "1188817000", "netIncome": "557043000"}, {"fiscalDateEnding": "2017-12-31", "reportedCurrency": "USD", "grossProfit": "1096738000", "totalRevenue": "1764219000", "costOfRevenue": "667481000", "costofGoodsAndServicesSold": "102310000", "operatingIncome": "-151260000", "sellingGeneralAndAdministrative": "77187000", "researchAndDevelopment": "None", "operatingExpenses": "1803428000", "investmentIncomeNet": "None", "netInterestIncome": "-82130000", "interestIncome": "-77356000", "interestExpense": "4774000", "nonInterestIncome": "22287000", "otherNonOperatingIncome": "4955000", "depreciation": "None", "depreciationAndAmortization": "568817000", "incomeBeforeTax": "-228435000", "incomeTaxExpense": "-328828000", "interestAndDebtExpense": "4774000", "netIncomeFromContinuingOperations": "100393000", "comprehensiveIncomeNetOfTax": "101485000", "ebit": "-151260000", "ebitda": "422512000", "netIncome": "100393000"}, {"fiscalDateEnding": "2016-12-31", "reportedCurrency": "USD", "grossProfit": "524055000", "totalRevenue": "1155677000", "costOfRevenue": "631622000", "costofGoodsAndServicesSold": "100696000", "operatingIncome": "-564945000", "sellingGeneralAndAdministrative": "87242000", "researchAndDevelopment": "None", "operatingExpenses": "1716288000", "investmentIncomeNet": "None", "netInterestIncome": "-88336000", "interestIncome": "-83253000", "interestExpense": "5083000", "nonInterestIncome": "-84466000", "otherNonOperatingIncome": "-1609000", "depreciation": "None", "depreciationAndAmortization": "None", "incomeBeforeTax": "-659599000", "incomeTaxExpense": "-242475000", "interestAndDebtExpense": "9792000", "netIncomeFromContinuingOperations": "-417124000", "comprehensiveIncomeNetOfTax": "-415774000", "ebit": "-564945000", "ebitda": "None", "netIncome": "-417124000"}], "quarterlyReports": [{"fiscalDateEnding": "2021-09-30", "reportedCurrency": "USD", "grossProfit": "353944000", "totalRevenue": "440396000", "costOfRevenue": "86452000", "costofGoodsAndServicesSold": "21354000", "operatingIncome": "95840000", "sellingGeneralAndAdministrative": "65098000", "researchAndDevelopment": "None", "operatingExpenses": "68912000", "investmentIncomeNet": "None", "netInterestIncome": "-12577000", "interestIncome": "-11869000", "interestExpense": "708000", "nonInterestIncome": "440580000", "otherNonOperatingIncome": "-47000", "depreciation": "None", "depreciationAndAmortization": "97289000", "incomeBeforeTax": "83216000", "incomeTaxExpense": "20502000", "interestAndDebtExpense": "708000", "netIncomeFromContinuingOperations": "62714000", "comprehensiveIncomeNetOfTax": "62577000", "ebit": "95840000", "ebitda": "193082000", "netIncome": "62714000"}, {"fiscalDateEnding": "2021-06-30", "reportedCurrency": "USD", "grossProfit": "285476000", "totalRevenue": "324667000", "costOfRevenue": "39191000", "costofGoodsAndServicesSold": "16154000", "operatingIncome": "53908000", "sellingGeneralAndAdministrative": "23037000", "researchAndDevelopment": "None", "operatingExpenses": "25385000", "investmentIncomeNet": "None", "netInterestIncome": "-12558000", "interestIncome": "-11849000", "interestExpense": "709000", "nonInterestIncome": "324687000", "otherNonOperatingIncome": "-46000", "depreciation": "None", "depreciationAndAmortization": "91549000", "incomeBeforeTax": "41304000", "incomeTaxExpense": "10840000", "interestAndDebtExpense": "709000", "netIncomeFromContinuingOperations": "30464000", "comprehensiveIncomeNetOfTax": "30326000", "ebit": "53908000", "ebitda": "145411000", "netIncome": "30464000"}, {"fiscalDateEnding": "2021-03-31", "reportedCurrency": "USD", "grossProfit": "412524000", "totalRevenue": "459680000", "costOfRevenue": "47156000", "costofGoodsAndServicesSold": "16876000", "operatingIncome": "175438000", "sellingGeneralAndAdministrative": "29155000", "researchAndDevelopment": "None", "operatingExpenses": "32836000", "investmentIncomeNet": "None", "netInterestIncome": "-12377000", "interestIncome": "-11662000", "interestExpense": "715000", "nonInterestIncome": "459751000", "otherNonOperatingIncome": "-46000", "depreciation": "None", "depreciationAndAmortization": "94148000", "incomeBeforeTax": "163015000", "incomeTaxExpense": "36661000", "interestAndDebtExpense": "715000", "netIncomeFromContinuingOperations": "126354000", "comprehensiveIncomeNetOfTax": "126217000", "ebit": "175438000", "ebitda": "269540000", "netIncome": "126354000"}, {"fiscalDateEnding": "2020-12-31", "reportedCurrency": "USD", "grossProfit": "456778000", "totalRevenue": "456778000", "costOfRevenue": "267874000", "costofGoodsAndServicesSold": "18539000", "operatingIncome": "162892000", "sellingGeneralAndAdministrative": "24534000", "researchAndDevelopment": "None", "operatingExpenses": "254437000", "investmentIncomeNet": "None", "netInterestIncome": "-10981000", "interestIncome": "-10254000", "interestExpense": "727000", "nonInterestIncome": "517830000", "otherNonOperatingIncome": "-58000", "depreciation": "None", "depreciationAndAmortization": "96497000", "incomeBeforeTax": "183539000", "incomeTaxExpense": "20647000", "interestAndDebtExpense": "727000", "netIncomeFromContinuingOperations": "162892000", "comprehensiveIncomeNetOfTax": "132265000", "ebit": "162892000", "ebitda": "259331000", "netIncome": "162892000"}, {"fiscalDateEnding": "2020-09-30", "reportedCurrency": "USD", "grossProfit": "246582000", "totalRevenue": "291041000", "costOfRevenue": "44459000", "costofGoodsAndServicesSold": "20197000", "operatingIncome": "-7533000", "sellingGeneralAndAdministrative": "24262000", "researchAndDevelopment": "None", "operatingExpenses": "28131000", "investmentIncomeNet": "None", "netInterestIncome": "-14389000", "interestIncome": "-13656000", "interestExpense": "733000", "nonInterestIncome": "291072000", "otherNonOperatingIncome": "-57000", "depreciation": "None", "depreciationAndAmortization": "99649000", "incomeBeforeTax": "-21979000", "incomeTaxExpense": "-7018000", "interestAndDebtExpense": "733000", "netIncomeFromContinuingOperations": "-14961000", "comprehensiveIncomeNetOfTax": "-15105000", "ebit": "-7533000", "ebitda": "92059000", "netIncome": "-14961000"}, {"fiscalDateEnding": "2020-06-30", "reportedCurrency": "USD", "grossProfit": "291759000", "totalRevenue": "332348000", "costOfRevenue": "40589000", "costofGoodsAndServicesSold": "17423000", "operatingIncome": "53716000", "sellingGeneralAndAdministrative": "23166000", "researchAndDevelopment": "None", "operatingExpenses": "27986000", "investmentIncomeNet": "None", "netInterestIncome": "-14543000", "interestIncome": "-13792000", "interestExpense": "751000", "nonInterestIncome": "288133000", "otherNonOperatingIncome": "-48000", "depreciation": "None", "depreciationAndAmortization": "None", "incomeBeforeTax": "39125000", "incomeTaxExpense": "8751000", "interestAndDebtExpense": "751000", "netIncomeFromContinuingOperations": "30374000", "comprehensiveIncomeNetOfTax": "30374000", "ebit": "53716000", "ebitda": "None", "netIncome": "30374000"}, {"fiscalDateEnding": "2020-03-31", "reportedCurrency": "USD", "grossProfit": "334783000", "totalRevenue": "386457000", "costOfRevenue": "51674000", "costofGoodsAndServicesSold": "17244000", "operatingIncome": "86401000", "sellingGeneralAndAdministrative": "33429000", "researchAndDevelopment": "None", "operatingExpenses": "36549000", "investmentIncomeNet": "None", "netInterestIncome": "-14211000", "interestIncome": "-13461000", "interestExpense": "750000", "nonInterestIncome": "386528000", "otherNonOperatingIncome": "-66000", "depreciation": "None", "depreciationAndAmortization": "None", "incomeBeforeTax": "72124000", "incomeTaxExpense": "18214000", "interestAndDebtExpense": "750000", "netIncomeFromContinuingOperations": "53910000", "comprehensiveIncomeNetOfTax": "53774000", "ebit": "86401000", "ebitda": "None", "netIncome": "53910000"}, {"fiscalDateEnding": "2019-12-31", "reportedCurrency": "USD", "grossProfit": "461368000", "totalRevenue": "461368000", "costOfRevenue": "44791000", "costofGoodsAndServicesSold": "21350000", "operatingIncome": "222209000", "sellingGeneralAndAdministrative": "22500000", "researchAndDevelopment": "None", "operatingExpenses": "308463000", "investmentIncomeNet": "None", "netInterestIncome": "-14650000", "interestIncome": "-13903000", "interestExpense": "747000", "nonInterestIncome": "542140000", "otherNonOperatingIncome": "-144000", "depreciation": "None", "depreciationAndAmortization": "None", "incomeBeforeTax": "351986000", "incomeTaxExpense": "60475000", "interestAndDebtExpense": "747000", "netIncomeFromContinuingOperations": "291511000", "comprehensiveIncomeNetOfTax": "143863000", "ebit": "222209000", "ebitda": "None", "netIncome": "291511000"}, {"fiscalDateEnding": "2019-09-30", "reportedCurrency": "USD", "grossProfit": "391539000", "totalRevenue": "429111000", "costOfRevenue": "37572000", "costofGoodsAndServicesSold": "19181000", "operatingIncome": "129777000", "sellingGeneralAndAdministrative": "18391000", "researchAndDevelopment": "None", "operatingExpenses": "303230000", "investmentIncomeNet": "None", "netInterestIncome": "-13554000", "interestIncome": "-12799000", "interestExpense": "755000", "nonInterestIncome": "429147000", "otherNonOperatingIncome": "-143000", "depreciation": "None", "depreciationAndAmortization": "None", "incomeBeforeTax": "116080000", "incomeTaxExpense": "25722000", "interestAndDebtExpense": "755000", "netIncomeFromContinuingOperations": "90358000", "comprehensiveIncomeNetOfTax": "90221000", "ebit": "129777000", "ebitda": "None", "netIncome": "90358000"}, {"fiscalDateEnding": "2019-06-30", "reportedCurrency": "USD", "grossProfit": "493135000", "totalRevenue": "534117000", "costOfRevenue": "40982000", "costofGoodsAndServicesSold": "18093000", "operatingIncome": "250805000", "sellingGeneralAndAdministrative": "22889000", "researchAndDevelopment": "None", "operatingExpenses": "286962000", "investmentIncomeNet": "None", "netInterestIncome": "-14567000", "interestIncome": "-13192000", "interestExpense": "1375000", "nonInterestIncome": "534117000", "otherNonOperatingIncome": "-143000", "depreciation": "None", "depreciationAndAmortization": "None", "incomeBeforeTax": "236095000", "incomeTaxExpense": "55086000", "interestAndDebtExpense": "1375000", "netIncomeFromContinuingOperations": "181009000", "comprehensiveIncomeNetOfTax": "180873000", "ebit": "250805000", "ebitda": "None", "netIncome": "181009000"}, {"fiscalDateEnding": "2019-03-31", "reportedCurrency": "USD", "grossProfit": "591262000", "totalRevenue": "641681000", "costOfRevenue": "50419000", "costofGoodsAndServicesSold": "18334000", "operatingIncome": "352959000", "sellingGeneralAndAdministrative": "31090000", "researchAndDevelopment": "None", "operatingExpenses": "290906000", "investmentIncomeNet": "None", "netInterestIncome": "-12181000", "interestIncome": "-11092000", "interestExpense": "1089000", "nonInterestIncome": "640181000", "otherNonOperatingIncome": "-144000", "depreciation": "None", "depreciationAndAmortization": "None", "incomeBeforeTax": "340634000", "incomeTaxExpense": "77871000", "interestAndDebtExpense": "1089000", "netIncomeFromContinuingOperations": "262763000", "comprehensiveIncomeNetOfTax": "262626000", "ebit": "352959000", "ebitda": "None", "netIncome": "262763000"}, {"fiscalDateEnding": "2018-12-31", "reportedCurrency": "USD", "grossProfit": "668110000", "totalRevenue": "716301000", "costOfRevenue": "48191000", "costofGoodsAndServicesSold": "16889000", "operatingIncome": "340678000", "sellingGeneralAndAdministrative": "30628000", "researchAndDevelopment": "None", "operatingExpenses": "376292000", "investmentIncomeNet": "None", "netInterestIncome": "-15624000", "interestIncome": "-14514000", "interestExpense": "1110000", "nonInterestIncome": "759283000", "otherNonOperatingIncome": "-116000", "depreciation": "None", "depreciationAndAmortization": "None", "incomeBeforeTax": "324938000", "incomeTaxExpense": "49893000", "interestAndDebtExpense": "1110000", "netIncomeFromContinuingOperations": "275045000", "comprehensiveIncomeNetOfTax": "277405000", "ebit": "340678000", "ebitda": "None", "netIncome": "275045000"}, {"fiscalDateEnding": "2018-09-30", "reportedCurrency": "USD", "grossProfit": "507419000", "totalRevenue": "545173000", "costOfRevenue": "37754000", "costofGoodsAndServicesSold": "17030000", "operatingIncome": "176051000", "sellingGeneralAndAdministrative": "20724000", "researchAndDevelopment": "None", "operatingExpenses": "394766000", "investmentIncomeNet": "None", "netInterestIncome": "-14191000", "interestIncome": "-13060000", "interestExpense": "1131000", "nonInterestIncome": "570828000", "otherNonOperatingIncome": "-115000", "depreciation": "None", "depreciationAndAmortization": "None", "incomeBeforeTax": "161745000", "incomeTaxExpense": "39408000", "interestAndDebtExpense": "1131000", "netIncomeFromContinuingOperations": "122337000", "comprehensiveIncomeNetOfTax": "122337000", "ebit": "176051000", "ebitda": "None", "netIncome": "122337000"}, {"fiscalDateEnding": "2018-06-30", "reportedCurrency": "USD", "grossProfit": "416562000", "totalRevenue": "453447000", "costOfRevenue": "36885000", "costofGoodsAndServicesSold": "15657000", "operatingIncome": "78029000", "sellingGeneralAndAdministrative": "21228000", "researchAndDevelopment": "None", "operatingExpenses": "375958000", "investmentIncomeNet": "None", "netInterestIncome": "-23328000", "interestIncome": "-22133000", "interestExpense": "1195000", "nonInterestIncome": "453991000", "otherNonOperatingIncome": "-118000", "depreciation": "None", "depreciationAndAmortization": "None", "incomeBeforeTax": "54583000", "incomeTaxExpense": "12152000", "interestAndDebtExpense": "1195000", "netIncomeFromContinuingOperations": "42431000", "comprehensiveIncomeNetOfTax": "42431000", "ebit": "78029000", "ebitda": "None", "netIncome": "42431000"}, {"fiscalDateEnding": "2018-03-31", "reportedCurrency": "USD", "grossProfit": "428494000", "totalRevenue": "473227000", "costOfRevenue": "44733000", "costofGoodsAndServicesSold": "20070000", "operatingIncome": "177044000", "sellingGeneralAndAdministrative": "24060000", "researchAndDevelopment": "None", "operatingExpenses": "254140000", "investmentIncomeNet": "None", "netInterestIncome": "-20058000", "interestIncome": "-18863000", "interestExpense": "1195000", "nonInterestIncome": "432178000", "otherNonOperatingIncome": "-114000", "depreciation": "None", "depreciationAndAmortization": "None", "incomeBeforeTax": "156872000", "incomeTaxExpense": "39641000", "interestAndDebtExpense": "1195000", "netIncomeFromContinuingOperations": "117231000", "comprehensiveIncomeNetOfTax": "117231000", "ebit": "177044000", "ebitda": "None", "netIncome": "117231000"}, {"fiscalDateEnding": "2017-12-31", "reportedCurrency": "USD", "grossProfit": "-44940000", "totalRevenue": "400503000", "costOfRevenue": "445443000", "costofGoodsAndServicesSold": "24125000", "operatingIncome": "-438805000", "sellingGeneralAndAdministrative": "6285000", "researchAndDevelopment": "None", "operatingExpenses": "744741000", "investmentIncomeNet": "None", "netInterestIncome": "-20410000", "interestIncome": "-19215000", "interestExpense": "1195000", "nonInterestIncome": "-10568000", "otherNonOperatingIncome": "-19000", "depreciation": "None", "depreciationAndAmortization": "None", "incomeBeforeTax": "-459234000", "incomeTaxExpense": "-414793000", "interestAndDebtExpense": "1195000", "netIncomeFromContinuingOperations": "-44441000", "comprehensiveIncomeNetOfTax": "-45846000", "ebit": "-438805000", "ebitda": "None", "netIncome": "-44441000"}, {"fiscalDateEnding": "2017-09-30", "reportedCurrency": "USD", "grossProfit": "335890000", "totalRevenue": "385416000", "costOfRevenue": "49526000", "costofGoodsAndServicesSold": "26282000", "operatingIncome": "39986000", "sellingGeneralAndAdministrative": "23244000", "researchAndDevelopment": "None", "operatingExpenses": "332141000", "investmentIncomeNet": "None", "netInterestIncome": "-20331000", "interestIncome": "-19136000", "interestExpense": "1195000", "nonInterestIncome": "-12708000", "otherNonOperatingIncome": "5083000", "depreciation": "None", "depreciationAndAmortization": "None", "incomeBeforeTax": "24738000", "incomeTaxExpense": "7151000", "interestAndDebtExpense": "0", "netIncomeFromContinuingOperations": "17587000", "comprehensiveIncomeNetOfTax": "20343000", "ebit": "39986000", "ebitda": "None", "netIncome": "17587000"}, {"fiscalDateEnding": "2017-06-30", "reportedCurrency": "USD", "grossProfit": "340683000", "totalRevenue": "460457000", "costOfRevenue": "119774000", "costofGoodsAndServicesSold": "27262000", "operatingIncome": "57440000", "sellingGeneralAndAdministrative": "23957000", "researchAndDevelopment": "None", "operatingExpenses": "400328000", "investmentIncomeNet": "None", "netInterestIncome": "-20619000", "interestIncome": "-19424000", "interestExpense": "1195000", "nonInterestIncome": "12402000", "otherNonOperatingIncome": "315000", "depreciation": "None", "depreciationAndAmortization": "None", "incomeBeforeTax": "37136000", "incomeTaxExpense": "15609000", "interestAndDebtExpense": "0", "netIncomeFromContinuingOperations": "21527000", "comprehensiveIncomeNetOfTax": "21527000", "ebit": "57440000", "ebitda": "None", "netIncome": "21527000"}, {"fiscalDateEnding": "2017-03-31", "reportedCurrency": "USD", "grossProfit": "467715000", "totalRevenue": "517843000", "costOfRevenue": "50128000", "costofGoodsAndServicesSold": "24641000", "operatingIncome": "190120000", "sellingGeneralAndAdministrative": "23700000", "researchAndDevelopment": "None", "operatingExpenses": "326217000", "investmentIncomeNet": "None", "netInterestIncome": "-20771000", "interestIncome": "-19582000", "interestExpense": "1189000", "nonInterestIncome": "33161000", "otherNonOperatingIncome": "-424000", "depreciation": "None", "depreciationAndAmortization": "None", "incomeBeforeTax": "168925000", "incomeTaxExpense": "63205000", "interestAndDebtExpense": "1189000", "netIncomeFromContinuingOperations": "105720000", "comprehensiveIncomeNetOfTax": "105720000", "ebit": "190120000", "ebitda": "None", "netIncome": "105720000"}, {"fiscalDateEnding": "2016-12-31", "reportedCurrency": "USD", "grossProfit": "-164298000", "totalRevenue": "316491000", "costOfRevenue": "480789000", "costofGoodsAndServicesSold": "23557000", "operatingIncome": "-443075000", "sellingGeneralAndAdministrative": "18843000", "researchAndDevelopment": "None", "operatingExpenses": "755792000", "investmentIncomeNet": "None", "netInterestIncome": "-20515000", "interestIncome": "-19320000", "interestExpense": "1195000", "nonInterestIncome": "-77703000", "otherNonOperatingIncome": "-402000", "depreciation": "None", "depreciationAndAmortization": "None", "incomeBeforeTax": "-463992000", "incomeTaxExpense": "-171232000", "interestAndDebtExpense": "1195000", "netIncomeFromContinuingOperations": "-292760000", "comprehensiveIncomeNetOfTax": "-291462000", "ebit": "-443075000", "ebitda": "None", "netIncome": "-292760000"}]}