{"symbol": "DAL", "annualReports": [{"fiscalDateEnding": "2020-12-31", "reportedCurrency": "USD", "grossProfit": "-11151000000", "totalRevenue": "16166000000", "costOfRevenue": "27317000000", "costofGoodsAndServicesSold": "5093000000", "operatingIncome": "-12469000000", "sellingGeneralAndAdministrative": "701000000", "researchAndDevelopment": "None", "operatingExpenses": "16411000000", "investmentIncomeNet": "None", "netInterestIncome": "-929000000", "interestIncome": "-897000000", "interestExpense": "32000000", "nonInterestIncome": "17095000000", "otherNonOperatingIncome": "348000000", "depreciation": "None", "depreciationAndAmortization": "141000000", "incomeBeforeTax": "-15587000000", "incomeTaxExpense": "-3202000000", "interestAndDebtExpense": "32000000", "netIncomeFromContinuingOperations": "-12385000000", "comprehensiveIncomeNetOfTax": "-13434000000", "ebit": "-12469000000", "ebitda": "-15414000000", "netIncome": "-12385000000"}, {"fiscalDateEnding": "2019-12-31", "reportedCurrency": "USD", "grossProfit": "21020000000", "totalRevenue": "46706000000", "costOfRevenue": "25686000000", "costofGoodsAndServicesSold": "10704000000", "operatingIncome": "6618000000", "sellingGeneralAndAdministrative": "3636000000", "researchAndDevelopment": "None", "operatingExpenses": "8169000000", "investmentIncomeNet": "None", "netInterestIncome": "-301000000", "interestIncome": "-272000000", "interestExpense": "29000000", "nonInterestIncome": "47007000000", "otherNonOperatingIncome": "-176000000", "depreciation": "None", "depreciationAndAmortization": "121000000", "incomeBeforeTax": "6198000000", "incomeTaxExpense": "1431000000", "interestAndDebtExpense": "29000000", "netIncomeFromContinuingOperations": "4767000000", "comprehensiveIncomeNetOfTax": "4603000000", "ebit": "6618000000", "ebitda": "6348000000", "netIncome": "4767000000"}, {"fiscalDateEnding": "2018-12-31", "reportedCurrency": "USD", "grossProfit": "16736000000", "totalRevenue": "44438000000", "costOfRevenue": "27391000000", "costofGoodsAndServicesSold": "11076000000", "operatingIncome": "5264000000", "sellingGeneralAndAdministrative": "3242000000", "researchAndDevelopment": "None", "operatingExpenses": "39174000000", "investmentIncomeNet": "None", "netInterestIncome": "-311000000", "interestIncome": "-289000000", "interestExpense": "22000000", "nonInterestIncome": "44438000000", "otherNonOperatingIncome": "220000000", "depreciation": "2300000000", "depreciationAndAmortization": "2329000000", "incomeBeforeTax": "5151000000", "incomeTaxExpense": "1216000000", "interestAndDebtExpense": "22000000", "netIncomeFromContinuingOperations": "3935000000", "comprehensiveIncomeNetOfTax": "3837000000", "ebit": "5264000000", "ebitda": "7502000000", "netIncome": "3935000000"}, {"fiscalDateEnding": "2017-12-31", "reportedCurrency": "USD", "grossProfit": "17874000000", "totalRevenue": "41244000000", "costOfRevenue": "23370000000", "costofGoodsAndServicesSold": "7612000000", "operatingIncome": "5966000000", "sellingGeneralAndAdministrative": "13523000000", "researchAndDevelopment": "None", "operatingExpenses": "35172000000", "investmentIncomeNet": "None", "netInterestIncome": "-396000000", "interestIncome": "-396000000", "interestExpense": "396000000", "nonInterestIncome": "41138000000", "otherNonOperatingIncome": "-70000000", "depreciation": "2200000000", "depreciationAndAmortization": "2222000000", "incomeBeforeTax": "5500000000", "incomeTaxExpense": "2295000000", "interestAndDebtExpense": "396000000", "netIncomeFromContinuingOperations": "3577000000", "comprehensiveIncomeNetOfTax": "3220000000", "ebit": "5896000000", "ebitda": "8118000000", "netIncome": "3205000000"}, {"fiscalDateEnding": "2016-12-31", "reportedCurrency": "USD", "grossProfit": "17785000000", "totalRevenue": "39639000000", "costOfRevenue": "21854000000", "costofGoodsAndServicesSold": "6908000000", "operatingIncome": "6996000000", "sellingGeneralAndAdministrative": "13044000000", "researchAndDevelopment": "None", "operatingExpenses": "32454000000", "investmentIncomeNet": "None", "netInterestIncome": "-388000000", "interestIncome": "-388000000", "interestExpense": "388000000", "nonInterestIncome": "0", "otherNonOperatingIncome": "-255000000", "depreciation": "1900000000", "depreciationAndAmortization": "1886000000", "incomeBeforeTax": "6353000000", "incomeTaxExpense": "2158000000", "interestAndDebtExpense": "388000000", "netIncomeFromContinuingOperations": "4373000000", "comprehensiveIncomeNetOfTax": "3834000000", "ebit": "6741000000", "ebitda": "8627000000", "netIncome": "4195000000"}], "quarterlyReports": [{"fiscalDateEnding": "2021-09-30", "reportedCurrency": "USD", "grossProfit": "3569000000", "totalRevenue": "8657000000", "costOfRevenue": "5088000000", "costofGoodsAndServicesSold": "2181000000", "operatingIncome": "2205000000", "sellingGeneralAndAdministrative": "308000000", "researchAndDevelopment": "None", "operatingExpenses": "1332000000", "investmentIncomeNet": "None", "netInterestIncome": "-314000000", "interestIncome": "-586000000", "interestExpense": "314000000", "nonInterestIncome": "8971000000", "otherNonOperatingIncome": "96000000", "depreciation": "None", "depreciationAndAmortization": "None", "incomeBeforeTax": "1532000000", "incomeTaxExpense": "320000000", "interestAndDebtExpense": "183000000", "netIncomeFromContinuingOperations": "1212000000", "comprehensiveIncomeNetOfTax": "1294000000", "ebit": "2205000000", "ebitda": "1846000000", "netIncome": "1212000000"}, {"fiscalDateEnding": "2021-06-30", "reportedCurrency": "USD", "grossProfit": "2179000000", "totalRevenue": "6788000000", "costOfRevenue": "4609000000", "costofGoodsAndServicesSold": "2051000000", "operatingIncome": "816000000", "sellingGeneralAndAdministrative": "222000000", "researchAndDevelopment": "None", "operatingExpenses": "1130000000", "investmentIncomeNet": "None", "netInterestIncome": "-338000000", "interestIncome": "-127000000", "interestExpense": "338000000", "nonInterestIncome": "7126000000", "otherNonOperatingIncome": "87000000", "depreciation": "None", "depreciationAndAmortization": "501000000", "incomeBeforeTax": "776000000", "incomeTaxExpense": "124000000", "interestAndDebtExpense": "26000000", "netIncomeFromContinuingOperations": "652000000", "comprehensiveIncomeNetOfTax": "730000000", "ebit": "816000000", "ebitda": "1615000000", "netIncome": "652000000"}, {"fiscalDateEnding": "2021-03-31", "reportedCurrency": "USD", "grossProfit": "-137000000", "totalRevenue": "3789000000", "costOfRevenue": "3926000000", "costofGoodsAndServicesSold": "1614000000", "operatingIncome": "-1398000000", "sellingGeneralAndAdministrative": "110000000", "researchAndDevelopment": "None", "operatingExpenses": "951000000", "investmentIncomeNet": "None", "netInterestIncome": "-361000000", "interestIncome": "-153000000", "interestExpense": "361000000", "nonInterestIncome": "4150000000", "otherNonOperatingIncome": "36000000", "depreciation": "None", "depreciationAndAmortization": "492000000", "incomeBeforeTax": "-1515000000", "incomeTaxExpense": "-338000000", "interestAndDebtExpense": "None", "netIncomeFromContinuingOperations": "-1177000000", "comprehensiveIncomeNetOfTax": "-1099000000", "ebit": "-1398000000", "ebitda": "-662000000", "netIncome": "-1177000000"}, {"fiscalDateEnding": "2020-12-31", "reportedCurrency": "USD", "grossProfit": "-229000000", "totalRevenue": "3608000000", "costOfRevenue": "3837000000", "costofGoodsAndServicesSold": "1150000000", "operatingIncome": "-858000000", "sellingGeneralAndAdministrative": "203000000", "researchAndDevelopment": "None", "operatingExpenses": "1346000000", "investmentIncomeNet": "None", "netInterestIncome": "-365000000", "interestIncome": "-271000000", "interestExpense": "365000000", "nonInterestIncome": "3973000000", "otherNonOperatingIncome": "21000000", "depreciation": "None", "depreciationAndAmortization": "499000000", "incomeBeforeTax": "-1108000000", "incomeTaxExpense": "-353000000", "interestAndDebtExpense": "32000000", "netIncomeFromContinuingOperations": "-755000000", "comprehensiveIncomeNetOfTax": "-1854000000", "ebit": "-858000000", "ebitda": "-244000000", "netIncome": "-755000000"}, {"fiscalDateEnding": "2020-09-30", "reportedCurrency": "USD", "grossProfit": "-5587000000", "totalRevenue": "2771000000", "costOfRevenue": "8358000000", "costofGoodsAndServicesSold": "963000000", "operatingIncome": "-6386000000", "sellingGeneralAndAdministrative": "94000000", "researchAndDevelopment": "None", "operatingExpenses": "6056000000", "investmentIncomeNet": "None", "netInterestIncome": "-291000000", "interestIncome": "-500000000", "interestExpense": "291000000", "nonInterestIncome": "3062000000", "otherNonOperatingIncome": "27000000", "depreciation": "None", "depreciationAndAmortization": "544000000", "incomeBeforeTax": "-6859000000", "incomeTaxExpense": "-1480000000", "interestAndDebtExpense": "0", "netIncomeFromContinuingOperations": "-5379000000", "comprehensiveIncomeNetOfTax": "-5381000000", "ebit": "-6386000000", "ebitda": "-6024000000", "netIncome": "-5379000000"}, {"fiscalDateEnding": "2020-06-30", "reportedCurrency": "USD", "grossProfit": "-4129000000", "totalRevenue": "1274000000", "costOfRevenue": "5403000000", "costofGoodsAndServicesSold": "818000000", "operatingIncome": "-4815000000", "sellingGeneralAndAdministrative": "45000000", "researchAndDevelopment": "None", "operatingExpenses": "3039000000", "investmentIncomeNet": "None", "netInterestIncome": "-194000000", "interestIncome": "-2244000000", "interestExpense": "194000000", "nonInterestIncome": "1468000000", "otherNonOperatingIncome": "45000000", "depreciation": "None", "depreciationAndAmortization": "589000000", "incomeBeforeTax": "-7014000000", "incomeTaxExpense": "-1297000000", "interestAndDebtExpense": "None", "netIncomeFromContinuingOperations": "-5717000000", "comprehensiveIncomeNetOfTax": "-5756000000", "ebit": "-4815000000", "ebitda": "-6231000000", "netIncome": "-5717000000"}, {"fiscalDateEnding": "2020-03-31", "reportedCurrency": "USD", "grossProfit": "3222000000", "totalRevenue": "8513000000", "costOfRevenue": "5291000000", "costofGoodsAndServicesSold": "2162000000", "operatingIncome": "-410000000", "sellingGeneralAndAdministrative": "358000000", "researchAndDevelopment": "None", "operatingExpenses": "1544000000", "investmentIncomeNet": "None", "netInterestIncome": "-79000000", "interestIncome": "-191000000", "interestExpense": "79000000", "nonInterestIncome": "8592000000", "otherNonOperatingIncome": "254000000", "depreciation": "None", "depreciationAndAmortization": "None", "incomeBeforeTax": "-607000000", "incomeTaxExpense": "-73000000", "interestAndDebtExpense": "None", "netIncomeFromContinuingOperations": "-534000000", "comprehensiveIncomeNetOfTax": "-443000000", "ebit": "-410000000", "ebitda": "-528000000", "netIncome": "-534000000"}, {"fiscalDateEnding": "2019-12-31", "reportedCurrency": "USD", "grossProfit": "11439000000", "totalRevenue": "11439000000", "costOfRevenue": "6503000000", "costofGoodsAndServicesSold": "2557000000", "operatingIncome": "1399000000", "sellingGeneralAndAdministrative": "875000000", "researchAndDevelopment": "None", "operatingExpenses": "-22180000000", "investmentIncomeNet": "None", "netInterestIncome": "-73000000", "interestIncome": "63000000", "interestExpense": "73000000", "nonInterestIncome": "11439000000", "otherNonOperatingIncome": "-46000000", "depreciation": "None", "depreciationAndAmortization": "622000000", "incomeBeforeTax": "1399000000", "incomeTaxExpense": "300000000", "interestAndDebtExpense": "None", "netIncomeFromContinuingOperations": "1399000000", "comprehensiveIncomeNetOfTax": "754000000", "ebit": "1399000000", "ebitda": "2021000000", "netIncome": "1099000000"}, {"fiscalDateEnding": "2019-09-30", "reportedCurrency": "USD", "grossProfit": "5741000000", "totalRevenue": "12490000000", "costOfRevenue": "6749000000", "costofGoodsAndServicesSold": "2809000000", "operatingIncome": "2071000000", "sellingGeneralAndAdministrative": "1056000000", "researchAndDevelopment": "None", "operatingExpenses": "10489000000", "investmentIncomeNet": "None", "netInterestIncome": "-70000000", "interestIncome": "-105000000", "interestExpense": "70000000", "nonInterestIncome": "12560000000", "otherNonOperatingIncome": "-46000000", "depreciation": "None", "depreciationAndAmortization": "None", "incomeBeforeTax": "1947000000", "incomeTaxExpense": "452000000", "interestAndDebtExpense": "None", "netIncomeFromContinuingOperations": "1495000000", "comprehensiveIncomeNetOfTax": "1545000000", "ebit": "2071000000", "ebitda": "2017000000", "netIncome": "1495000000"}, {"fiscalDateEnding": "2019-06-30", "reportedCurrency": "USD", "grossProfit": "5813000000", "totalRevenue": "12461000000", "costOfRevenue": "6648000000", "costofGoodsAndServicesSold": "2840000000", "operatingIncome": "2128000000", "sellingGeneralAndAdministrative": "1056000000", "researchAndDevelopment": "None", "operatingExpenses": "10408000000", "investmentIncomeNet": "None", "netInterestIncome": "-75000000", "interestIncome": "-157000000", "interestExpense": "75000000", "nonInterestIncome": "12536000000", "otherNonOperatingIncome": "-47000000", "depreciation": "None", "depreciationAndAmortization": "None", "incomeBeforeTax": "1907000000", "incomeTaxExpense": "464000000", "interestAndDebtExpense": "None", "netIncomeFromContinuingOperations": "1443000000", "comprehensiveIncomeNetOfTax": "1515000000", "ebit": "2128000000", "ebitda": "1982000000", "netIncome": "1443000000"}, {"fiscalDateEnding": "2019-03-31", "reportedCurrency": "USD", "grossProfit": "4604000000", "totalRevenue": "10389000000", "costOfRevenue": "5785000000", "costofGoodsAndServicesSold": "2499000000", "operatingIncome": "1020000000", "sellingGeneralAndAdministrative": "647000000", "researchAndDevelopment": "None", "operatingExpenses": "9452000000", "investmentIncomeNet": "None", "netInterestIncome": "-83000000", "interestIncome": "None", "interestExpense": "83000000", "nonInterestIncome": "10472000000", "otherNonOperatingIncome": "-91000000", "depreciation": "None", "depreciationAndAmortization": "None", "incomeBeforeTax": "946000000", "incomeTaxExpense": "216000000", "interestAndDebtExpense": "None", "netIncomeFromContinuingOperations": "730000000", "comprehensiveIncomeNetOfTax": "789000000", "ebit": "1020000000", "ebitda": "1029000000", "netIncome": "730000000"}, {"fiscalDateEnding": "2018-12-31", "reportedCurrency": "USD", "grossProfit": "10742000000", "totalRevenue": "10742000000", "costOfRevenue": "8751000000", "costofGoodsAndServicesSold": "2891000000", "operatingIncome": "1090000000", "sellingGeneralAndAdministrative": "791000000", "researchAndDevelopment": "None", "operatingExpenses": "9651000000", "investmentIncomeNet": "None", "netInterestIncome": "-67000000", "interestIncome": "None", "interestExpense": "37000000", "nonInterestIncome": "10742000000", "otherNonOperatingIncome": "172000000", "depreciation": "None", "depreciationAndAmortization": "570000000", "incomeBeforeTax": "1345000000", "incomeTaxExpense": "326000000", "interestAndDebtExpense": "None", "netIncomeFromContinuingOperations": "1090000000", "comprehensiveIncomeNetOfTax": "835000000", "ebit": "1090000000", "ebitda": "1994000000", "netIncome": "1019000000"}, {"fiscalDateEnding": "2018-09-30", "reportedCurrency": "USD", "grossProfit": "5168000000", "totalRevenue": "11953000000", "costOfRevenue": "6701000000", "costofGoodsAndServicesSold": "3018000000", "operatingIncome": "1645000000", "sellingGeneralAndAdministrative": "930000000", "researchAndDevelopment": "None", "operatingExpenses": "10308000000", "investmentIncomeNet": "None", "netInterestIncome": "-73000000", "interestIncome": "None", "interestExpense": "84000000", "nonInterestIncome": "11953000000", "otherNonOperatingIncome": "66000000", "depreciation": "None", "depreciationAndAmortization": "None", "incomeBeforeTax": "1688000000", "incomeTaxExpense": "366000000", "interestAndDebtExpense": "None", "netIncomeFromContinuingOperations": "1312000000", "comprehensiveIncomeNetOfTax": "1393000000", "ebit": "1645000000", "ebitda": "1758000000", "netIncome": "1322000000"}, {"fiscalDateEnding": "2018-06-30", "reportedCurrency": "USD", "grossProfit": "5262000000", "totalRevenue": "11775000000", "costOfRevenue": "6424000000", "costofGoodsAndServicesSold": "2845000000", "operatingIncome": "1684000000", "sellingGeneralAndAdministrative": "911000000", "researchAndDevelopment": "None", "operatingExpenses": "10091000000", "investmentIncomeNet": "None", "netInterestIncome": "-79000000", "interestIncome": "None", "interestExpense": "89000000", "nonInterestIncome": "11775000000", "otherNonOperatingIncome": "19000000", "depreciation": "None", "depreciationAndAmortization": "None", "incomeBeforeTax": "1386000000", "incomeTaxExpense": "350000000", "interestAndDebtExpense": "None", "netIncomeFromContinuingOperations": "1025000000", "comprehensiveIncomeNetOfTax": "1111000000", "ebit": "1684000000", "ebitda": "1461000000", "netIncome": "1036000000"}, {"fiscalDateEnding": "2018-03-31", "reportedCurrency": "USD", "grossProfit": "4634000000", "totalRevenue": "9968000000", "costOfRevenue": "5334000000", "costofGoodsAndServicesSold": "2323000000", "operatingIncome": "844000000", "sellingGeneralAndAdministrative": "3011000000", "researchAndDevelopment": "None", "operatingExpenses": "9124000000", "investmentIncomeNet": "None", "netInterestIncome": "-92000000", "interestIncome": "10000000", "interestExpense": "102000000", "nonInterestIncome": "9968000000", "otherNonOperatingIncome": "-38000000", "depreciation": "None", "depreciationAndAmortization": "610000000", "incomeBeforeTax": "732000000", "incomeTaxExpense": "175000000", "interestAndDebtExpense": "102000000", "netIncomeFromContinuingOperations": "547000000", "comprehensiveIncomeNetOfTax": "603000000", "ebit": "834000000", "ebitda": "1430000000", "netIncome": "557000000"}, {"fiscalDateEnding": "2017-12-31", "reportedCurrency": "USD", "grossProfit": "10245000000", "totalRevenue": "10229000000", "costOfRevenue": "8612000000", "costofGoodsAndServicesSold": "2002000000", "operatingIncome": "1162000000", "sellingGeneralAndAdministrative": "4375000000", "researchAndDevelopment": "None", "operatingExpenses": "9067000000", "investmentIncomeNet": "None", "netInterestIncome": "-99000000", "interestIncome": "None", "interestExpense": "99000000", "nonInterestIncome": "10228000000", "otherNonOperatingIncome": "-19000000", "depreciation": "None", "depreciationAndAmortization": "None", "incomeBeforeTax": "1044000000", "incomeTaxExpense": "745000000", "interestAndDebtExpense": "99000000", "netIncomeFromContinuingOperations": "1193000000", "comprehensiveIncomeNetOfTax": "153000000", "ebit": "1143000000", "ebitda": "1189000000", "netIncome": "299000000"}, {"fiscalDateEnding": "2017-09-30", "reportedCurrency": "USD", "grossProfit": "5855000000", "totalRevenue": "11061000000", "costOfRevenue": "5205000000", "costofGoodsAndServicesSold": "2008000000", "operatingIncome": "1823000000", "sellingGeneralAndAdministrative": "3197000000", "researchAndDevelopment": "None", "operatingExpenses": "9238000000", "investmentIncomeNet": "None", "netInterestIncome": "-100000000", "interestIncome": "None", "interestExpense": "100000000", "nonInterestIncome": "11061000000", "otherNonOperatingIncome": "53000000", "depreciation": "None", "depreciationAndAmortization": "None", "incomeBeforeTax": "1776000000", "incomeTaxExpense": "617000000", "interestAndDebtExpense": "100000000", "netIncomeFromContinuingOperations": "1178000000", "comprehensiveIncomeNetOfTax": "1233000000", "ebit": "1876000000", "ebitda": "1905000000", "netIncome": "1159000000"}, {"fiscalDateEnding": "2017-06-30", "reportedCurrency": "USD", "grossProfit": "5804000000", "totalRevenue": "10747000000", "costOfRevenue": "4987000000", "costofGoodsAndServicesSold": "1913000000", "operatingIncome": "1982000000", "sellingGeneralAndAdministrative": "3074000000", "researchAndDevelopment": "None", "operatingExpenses": "8765000000", "investmentIncomeNet": "None", "netInterestIncome": "-103000000", "interestIncome": "None", "interestExpense": "103000000", "nonInterestIncome": "10747000000", "otherNonOperatingIncome": "-48000000", "depreciation": "None", "depreciationAndAmortization": "None", "incomeBeforeTax": "1831000000", "incomeTaxExpense": "645000000", "interestAndDebtExpense": "103000000", "netIncomeFromContinuingOperations": "1224000000", "comprehensiveIncomeNetOfTax": "1208000000", "ebit": "1934000000", "ebitda": "1994000000", "netIncome": "1186000000"}, {"fiscalDateEnding": "2017-03-31", "reportedCurrency": "USD", "grossProfit": "4582000000", "totalRevenue": "9101000000", "costOfRevenue": "4566000000", "costofGoodsAndServicesSold": "1689000000", "operatingIncome": "999000000", "sellingGeneralAndAdministrative": "2877000000", "researchAndDevelopment": "None", "operatingExpenses": "8102000000", "investmentIncomeNet": "None", "netInterestIncome": "-94000000", "interestIncome": "None", "interestExpense": "94000000", "nonInterestIncome": "9101000000", "otherNonOperatingIncome": "-56000000", "depreciation": "None", "depreciationAndAmortization": "540000000", "incomeBeforeTax": "849000000", "incomeTaxExpense": "288000000", "interestAndDebtExpense": "94000000", "netIncomeFromContinuingOperations": "603000000", "comprehensiveIncomeNetOfTax": "626000000", "ebit": "943000000", "ebitda": "1549000000", "netIncome": "561000000"}, {"fiscalDateEnding": "2016-12-31", "reportedCurrency": "USD", "grossProfit": "9458000000", "totalRevenue": "9458000000", "costOfRevenue": "8194000000", "costofGoodsAndServicesSold": "1704000000", "operatingIncome": "1020000000", "sellingGeneralAndAdministrative": "4588000000", "researchAndDevelopment": "None", "operatingExpenses": "8205000000", "investmentIncomeNet": "None", "netInterestIncome": "-93000000", "interestIncome": "None", "interestExpense": "93000000", "nonInterestIncome": "None", "otherNonOperatingIncome": "-302000000", "depreciation": "None", "depreciationAndAmortization": "472000000", "incomeBeforeTax": "847000000", "incomeTaxExpense": "225000000", "interestAndDebtExpense": "93000000", "netIncomeFromContinuingOperations": "1020000000", "comprehensiveIncomeNetOfTax": "20000000", "ebit": "940000000", "ebitda": "1517000000", "netIncome": "622000000"}]}