{"symbol": "DFS", "annualReports": [{"fiscalDateEnding": "2020-12-31", "reportedCurrency": "USD", "grossProfit": "-3658000000", "totalRevenue": "5995000000", "costOfRevenue": "9653000000", "costofGoodsAndServicesSold": "None", "operatingIncome": "-6034000000", "sellingGeneralAndAdministrative": "2214000000", "researchAndDevelopment": "None", "operatingExpenses": "2376000000", "investmentIncomeNet": "None", "netInterestIncome": "9230000000", "interestIncome": "11095000000", "interestExpense": "1865000000", "nonInterestIncome": "1858000000", "otherNonOperatingIncome": "None", "depreciation": "None", "depreciationAndAmortization": "98000000", "incomeBeforeTax": "1435000000", "incomeTaxExpense": "294000000", "interestAndDebtExpense": "1865000000", "netIncomeFromContinuingOperations": "1141000000", "comprehensiveIncomeNetOfTax": "1305000000", "ebit": "3300000000", "ebitda": "3398000000", "netIncome": "1141000000"}, {"fiscalDateEnding": "2019-12-31", "reportedCurrency": "USD", "grossProfit": "857000000", "totalRevenue": "8481000000", "costOfRevenue": "7624000000", "costofGoodsAndServicesSold": "409000000", "operatingIncome": "-1612000000", "sellingGeneralAndAdministrative": "2348000000", "researchAndDevelopment": "None", "operatingExpenses": "2469000000", "investmentIncomeNet": "None", "netInterestIncome": "9463000000", "interestIncome": "11993000000", "interestExpense": "2530000000", "nonInterestIncome": "1996000000", "otherNonOperatingIncome": "None", "depreciation": "None", "depreciationAndAmortization": "84000000", "incomeBeforeTax": "3835000000", "incomeTaxExpense": "878000000", "interestAndDebtExpense": "2530000000", "netIncomeFromContinuingOperations": "2957000000", "comprehensiveIncomeNetOfTax": "2994000000", "ebit": "6365000000", "ebitda": "6449000000", "netIncome": "2957000000"}, {"fiscalDateEnding": "2018-12-31", "reportedCurrency": "USD", "grossProfit": "854000000", "totalRevenue": "7966000000", "costOfRevenue": "7112000000", "costofGoodsAndServicesSold": "350000000", "operatingIncome": "-1458000000", "sellingGeneralAndAdministrative": "2192000000", "researchAndDevelopment": "None", "operatingExpenses": "2312000000", "investmentIncomeNet": "None", "netInterestIncome": "8754000000", "interestIncome": "10893000000", "interestExpense": "2139000000", "nonInterestIncome": "1955000000", "otherNonOperatingIncome": "None", "depreciation": "None", "depreciationAndAmortization": "75000000", "incomeBeforeTax": "3597000000", "incomeTaxExpense": "855000000", "interestAndDebtExpense": "2139000000", "netIncomeFromContinuingOperations": "2742000000", "comprehensiveIncomeNetOfTax": "2767000000", "ebit": "5736000000", "ebitda": "5811000000", "netIncome": "2742000000"}, {"fiscalDateEnding": "2017-12-31", "reportedCurrency": "USD", "grossProfit": "1112000000", "totalRevenue": "7472000000", "costOfRevenue": "6360000000", "costofGoodsAndServicesSold": "315000000", "operatingIncome": "-2507000000", "sellingGeneralAndAdministrative": "3488000000", "researchAndDevelopment": "None", "operatingExpenses": "3619000000", "investmentIncomeNet": "None", "netInterestIncome": "8000000000", "interestIncome": "9648000000", "interestExpense": "1648000000", "nonInterestIncome": "1897000000", "otherNonOperatingIncome": "None", "depreciation": "None", "depreciationAndAmortization": "76000000", "incomeBeforeTax": "3537000000", "incomeTaxExpense": "1438000000", "interestAndDebtExpense": "1648000000", "netIncomeFromContinuingOperations": "2099000000", "comprehensiveIncomeNetOfTax": "2108000000", "ebit": "5185000000", "ebitda": "5261000000", "netIncome": "2099000000"}, {"fiscalDateEnding": "2016-12-31", "reportedCurrency": "USD", "grossProfit": "1859000000", "totalRevenue": "7302000000", "costOfRevenue": "5443000000", "costofGoodsAndServicesSold": "339000000", "operatingIncome": "-1561000000", "sellingGeneralAndAdministrative": "3286000000", "researchAndDevelopment": "None", "operatingExpenses": "3420000000", "investmentIncomeNet": "None", "netInterestIncome": "7218000000", "interestIncome": "8616000000", "interestExpense": "1398000000", "nonInterestIncome": "1881000000", "otherNonOperatingIncome": "None", "depreciation": "None", "depreciationAndAmortization": "77000000", "incomeBeforeTax": "3656000000", "incomeTaxExpense": "1263000000", "interestAndDebtExpense": "1398000000", "netIncomeFromContinuingOperations": "2393000000", "comprehensiveIncomeNetOfTax": "2392000000", "ebit": "5054000000", "ebitda": "5131000000", "netIncome": "2393000000"}], "quarterlyReports": [{"fiscalDateEnding": "2021-09-30", "reportedCurrency": "USD", "grossProfit": "1220000000", "totalRevenue": "2595000000", "costOfRevenue": "1375000000", "costofGoodsAndServicesSold": "None", "operatingIncome": "617000000", "sellingGeneralAndAdministrative": "552000000", "researchAndDevelopment": "None", "operatingExpenses": "603000000", "investmentIncomeNet": "None", "netInterestIncome": "2405000000", "interestIncome": "2674000000", "interestExpense": "269000000", "nonInterestIncome": "372000000", "otherNonOperatingIncome": "None", "depreciation": "None", "depreciationAndAmortization": "139000000", "incomeBeforeTax": "1402000000", "incomeTaxExpense": "311000000", "interestAndDebtExpense": "269000000", "netIncomeFromContinuingOperations": "1091000000", "comprehensiveIncomeNetOfTax": "1062000000", "ebit": "1671000000", "ebitda": "1810000000", "netIncome": "1091000000"}, {"fiscalDateEnding": "2021-06-30", "reportedCurrency": "USD", "grossProfit": "2093000000", "totalRevenue": "3450000000", "costOfRevenue": "1357000000", "costofGoodsAndServicesSold": "None", "operatingIncome": "1564000000", "sellingGeneralAndAdministrative": "529000000", "researchAndDevelopment": "None", "operatingExpenses": "529000000", "investmentIncomeNet": "None", "netInterestIncome": "2299000000", "interestIncome": "2589000000", "interestExpense": "290000000", "nonInterestIncome": "1280000000", "otherNonOperatingIncome": "None", "depreciation": "None", "depreciationAndAmortization": "129000000", "incomeBeforeTax": "2222000000", "incomeTaxExpense": "524000000", "interestAndDebtExpense": "290000000", "netIncomeFromContinuingOperations": "1698000000", "comprehensiveIncomeNetOfTax": "1666000000", "ebit": "2512000000", "ebitda": "2641000000", "netIncome": "1698000000"}, {"fiscalDateEnding": "2021-03-31", "reportedCurrency": "USD", "grossProfit": "2449000000", "totalRevenue": "3165000000", "costOfRevenue": "716000000", "costofGoodsAndServicesSold": "None", "operatingIncome": "1851000000", "sellingGeneralAndAdministrative": "469000000", "researchAndDevelopment": "None", "operatingExpenses": "598000000", "investmentIncomeNet": "None", "netInterestIncome": "2330000000", "interestIncome": "2646000000", "interestExpense": "316000000", "nonInterestIncome": "465000000", "otherNonOperatingIncome": "None", "depreciation": "None", "depreciationAndAmortization": "119000000", "incomeBeforeTax": "2079000000", "incomeTaxExpense": "486000000", "interestAndDebtExpense": "316000000", "netIncomeFromContinuingOperations": "1593000000", "comprehensiveIncomeNetOfTax": "1541000000", "ebit": "2395000000", "ebitda": "2514000000", "netIncome": "1593000000"}, {"fiscalDateEnding": "2020-12-31", "reportedCurrency": "USD", "grossProfit": "484000000", "totalRevenue": "2293000000", "costOfRevenue": "1809000000", "costofGoodsAndServicesSold": "None", "operatingIncome": "484000000", "sellingGeneralAndAdministrative": "764000000", "researchAndDevelopment": "None", "operatingExpenses": "604000000", "investmentIncomeNet": "None", "netInterestIncome": "2377000000", "interestIncome": "2760000000", "interestExpense": "383000000", "nonInterestIncome": "447000000", "otherNonOperatingIncome": "None", "depreciation": "None", "depreciationAndAmortization": "-264000000", "incomeBeforeTax": "1015000000", "incomeTaxExpense": "216000000", "interestAndDebtExpense": "383000000", "netIncomeFromContinuingOperations": "799000000", "comprehensiveIncomeNetOfTax": "751000000", "ebit": "1398000000", "ebitda": "1134000000", "netIncome": "799000000"}, {"fiscalDateEnding": "2020-09-30", "reportedCurrency": "USD", "grossProfit": "215000000", "totalRevenue": "1970000000", "costOfRevenue": "1755000000", "costofGoodsAndServicesSold": "None", "operatingIncome": "-213000000", "sellingGeneralAndAdministrative": "428000000", "researchAndDevelopment": "None", "operatingExpenses": "428000000", "investmentIncomeNet": "None", "netInterestIncome": "2265000000", "interestIncome": "2681000000", "interestExpense": "416000000", "nonInterestIncome": "449000000", "otherNonOperatingIncome": "None", "depreciation": "None", "depreciationAndAmortization": "116000000", "incomeBeforeTax": "959000000", "incomeTaxExpense": "188000000", "interestAndDebtExpense": "416000000", "netIncomeFromContinuingOperations": "771000000", "comprehensiveIncomeNetOfTax": "742000000", "ebit": "1375000000", "ebitda": "1491000000", "netIncome": "771000000"}, {"fiscalDateEnding": "2020-06-30", "reportedCurrency": "USD", "grossProfit": "-2502000000", "totalRevenue": "621000000", "costOfRevenue": "3123000000", "costofGoodsAndServicesSold": "None", "operatingIncome": "-2956000000", "sellingGeneralAndAdministrative": "454000000", "researchAndDevelopment": "None", "operatingExpenses": "454000000", "investmentIncomeNet": "None", "netInterestIncome": "2190000000", "interestIncome": "2672000000", "interestExpense": "482000000", "nonInterestIncome": "472000000", "otherNonOperatingIncome": "None", "depreciation": "None", "depreciationAndAmortization": "123000000", "incomeBeforeTax": "-461000000", "incomeTaxExpense": "-93000000", "interestAndDebtExpense": "482000000", "netIncomeFromContinuingOperations": "-368000000", "comprehensiveIncomeNetOfTax": "-380000000", "ebit": "21000000", "ebitda": "144000000", "netIncome": "-368000000"}, {"fiscalDateEnding": "2020-03-31", "reportedCurrency": "USD", "grossProfit": "-1861000000", "totalRevenue": "1105000000", "costOfRevenue": "2966000000", "costofGoodsAndServicesSold": "None", "operatingIncome": "-2529000000", "sellingGeneralAndAdministrative": "568000000", "researchAndDevelopment": "None", "operatingExpenses": "668000000", "investmentIncomeNet": "None", "netInterestIncome": "2398000000", "interestIncome": "2982000000", "interestExpense": "584000000", "nonInterestIncome": "490000000", "otherNonOperatingIncome": "None", "depreciation": "None", "depreciationAndAmortization": "123000000", "incomeBeforeTax": "-78000000", "incomeTaxExpense": "-17000000", "interestAndDebtExpense": "584000000", "netIncomeFromContinuingOperations": "-61000000", "comprehensiveIncomeNetOfTax": "192000000", "ebit": "506000000", "ebitda": "629000000", "netIncome": "-61000000"}, {"fiscalDateEnding": "2019-12-31", "reportedCurrency": "USD", "grossProfit": "88000000", "totalRevenue": "2108000000", "costOfRevenue": "2020000000", "costofGoodsAndServicesSold": "113000000", "operatingIncome": "88000000", "sellingGeneralAndAdministrative": "784000000", "researchAndDevelopment": "None", "operatingExpenses": "560000000", "investmentIncomeNet": "None", "netInterestIncome": "2424000000", "interestIncome": "3039000000", "interestExpense": "615000000", "nonInterestIncome": "520000000", "otherNonOperatingIncome": "None", "depreciation": "None", "depreciationAndAmortization": "-231000000", "incomeBeforeTax": "924000000", "incomeTaxExpense": "216000000", "interestAndDebtExpense": "615000000", "netIncomeFromContinuingOperations": "708000000", "comprehensiveIncomeNetOfTax": "663000000", "ebit": "1539000000", "ebitda": "1308000000", "netIncome": "708000000"}, {"fiscalDateEnding": "2019-09-30", "reportedCurrency": "USD", "grossProfit": "245000000", "totalRevenue": "2151000000", "costOfRevenue": "1906000000", "costofGoodsAndServicesSold": "96000000", "operatingIncome": "-296000000", "sellingGeneralAndAdministrative": "541000000", "researchAndDevelopment": "None", "operatingExpenses": "541000000", "investmentIncomeNet": "None", "netInterestIncome": "2402000000", "interestIncome": "3040000000", "interestExpense": "638000000", "nonInterestIncome": "498000000", "otherNonOperatingIncome": "None", "depreciation": "None", "depreciationAndAmortization": "113000000", "incomeBeforeTax": "994000000", "incomeTaxExpense": "224000000", "interestAndDebtExpense": "638000000", "netIncomeFromContinuingOperations": "770000000", "comprehensiveIncomeNetOfTax": "779000000", "ebit": "1632000000", "ebitda": "1745000000", "netIncome": "770000000"}, {"fiscalDateEnding": "2019-06-30", "reportedCurrency": "USD", "grossProfit": "282000000", "totalRevenue": "2147000000", "costOfRevenue": "1865000000", "costofGoodsAndServicesSold": "101000000", "operatingIncome": "-252000000", "sellingGeneralAndAdministrative": "534000000", "researchAndDevelopment": "None", "operatingExpenses": "534000000", "investmentIncomeNet": "None", "netInterestIncome": "2332000000", "interestIncome": "2977000000", "interestExpense": "645000000", "nonInterestIncome": "520000000", "otherNonOperatingIncome": "None", "depreciation": "None", "depreciationAndAmortization": "103000000", "incomeBeforeTax": "987000000", "incomeTaxExpense": "234000000", "interestAndDebtExpense": "645000000", "netIncomeFromContinuingOperations": "753000000", "comprehensiveIncomeNetOfTax": "806000000", "ebit": "1632000000", "ebitda": "1735000000", "netIncome": "753000000"}, {"fiscalDateEnding": "2019-03-31", "reportedCurrency": "USD", "grossProfit": "211000000", "totalRevenue": "2044000000", "costOfRevenue": "1833000000", "costofGoodsAndServicesSold": "99000000", "operatingIncome": "-387000000", "sellingGeneralAndAdministrative": "489000000", "researchAndDevelopment": "None", "operatingExpenses": "598000000", "investmentIncomeNet": "None", "netInterestIncome": "2305000000", "interestIncome": "2937000000", "interestExpense": "632000000", "nonInterestIncome": "458000000", "otherNonOperatingIncome": "None", "depreciation": "None", "depreciationAndAmortization": "99000000", "incomeBeforeTax": "930000000", "incomeTaxExpense": "204000000", "interestAndDebtExpense": "632000000", "netIncomeFromContinuingOperations": "726000000", "comprehensiveIncomeNetOfTax": "746000000", "ebit": "1562000000", "ebitda": "1661000000", "netIncome": "726000000"}, {"fiscalDateEnding": "2018-12-31", "reportedCurrency": "USD", "grossProfit": "97000000", "totalRevenue": "2007000000", "costOfRevenue": "1910000000", "costofGoodsAndServicesSold": "93000000", "operatingIncome": "97000000", "sellingGeneralAndAdministrative": "750000000", "researchAndDevelopment": "None", "operatingExpenses": "511000000", "investmentIncomeNet": "None", "netInterestIncome": "2302000000", "interestIncome": "2907000000", "interestExpense": "605000000", "nonInterestIncome": "505000000", "otherNonOperatingIncome": "None", "depreciation": "None", "depreciationAndAmortization": "-251000000", "incomeBeforeTax": "897000000", "incomeTaxExpense": "210000000", "interestAndDebtExpense": "605000000", "netIncomeFromContinuingOperations": "687000000", "comprehensiveIncomeNetOfTax": "691000000", "ebit": "1502000000", "ebitda": "1251000000", "netIncome": "687000000"}, {"fiscalDateEnding": "2018-09-30", "reportedCurrency": "USD", "grossProfit": "301000000", "totalRevenue": "2058000000", "costOfRevenue": "1757000000", "costofGoodsAndServicesSold": "89000000", "operatingIncome": "-198000000", "sellingGeneralAndAdministrative": "499000000", "researchAndDevelopment": "None", "operatingExpenses": "499000000", "investmentIncomeNet": "None", "netInterestIncome": "2223000000", "interestIncome": "2781000000", "interestExpense": "558000000", "nonInterestIncome": "501000000", "otherNonOperatingIncome": "None", "depreciation": "None", "depreciationAndAmortization": "110000000", "incomeBeforeTax": "967000000", "incomeTaxExpense": "247000000", "interestAndDebtExpense": "558000000", "netIncomeFromContinuingOperations": "720000000", "comprehensiveIncomeNetOfTax": "722000000", "ebit": "1525000000", "ebitda": "1635000000", "netIncome": "720000000"}, {"fiscalDateEnding": "2018-06-30", "reportedCurrency": "USD", "grossProfit": "205000000", "totalRevenue": "1931000000", "costOfRevenue": "1726000000", "costofGoodsAndServicesSold": "86000000", "operatingIncome": "-690000000", "sellingGeneralAndAdministrative": "895000000", "researchAndDevelopment": "None", "operatingExpenses": "895000000", "investmentIncomeNet": "None", "netInterestIncome": "2129000000", "interestIncome": "2636000000", "interestExpense": "507000000", "nonInterestIncome": "474000000", "otherNonOperatingIncome": "None", "depreciation": "None", "depreciationAndAmortization": "109000000", "incomeBeforeTax": "877000000", "incomeTaxExpense": "208000000", "interestAndDebtExpense": "507000000", "netIncomeFromContinuingOperations": "669000000", "comprehensiveIncomeNetOfTax": "675000000", "ebit": "1384000000", "ebitda": "1493000000", "netIncome": "669000000"}, {"fiscalDateEnding": "2018-03-31", "reportedCurrency": "USD", "grossProfit": "160000000", "totalRevenue": "1879000000", "costOfRevenue": "1719000000", "costofGoodsAndServicesSold": "1874000000", "operatingIncome": "-811000000", "sellingGeneralAndAdministrative": "853000000", "researchAndDevelopment": "None", "operatingExpenses": "971000000", "investmentIncomeNet": "None", "netInterestIncome": "2100000000", "interestIncome": "2569000000", "interestExpense": "469000000", "nonInterestIncome": "475000000", "otherNonOperatingIncome": "None", "depreciation": "None", "depreciationAndAmortization": "107000000", "incomeBeforeTax": "856000000", "incomeTaxExpense": "190000000", "interestAndDebtExpense": "469000000", "netIncomeFromContinuingOperations": "666000000", "comprehensiveIncomeNetOfTax": "679000000", "ebit": "1325000000", "ebitda": "1432000000", "netIncome": "666000000"}, {"fiscalDateEnding": "2017-12-31", "reportedCurrency": "USD", "grossProfit": "220000000", "totalRevenue": "1935000000", "costOfRevenue": "1715000000", "costofGoodsAndServicesSold": "1833000000", "operatingIncome": "220000000", "sellingGeneralAndAdministrative": "1050000000", "researchAndDevelopment": "None", "operatingExpenses": "850000000", "investmentIncomeNet": "None", "netInterestIncome": "2120000000", "interestIncome": "2556000000", "interestExpense": "436000000", "nonInterestIncome": "494000000", "otherNonOperatingIncome": "None", "depreciation": "None", "depreciationAndAmortization": "-213000000", "incomeBeforeTax": "899000000", "incomeTaxExpense": "512000000", "interestAndDebtExpense": "436000000", "netIncomeFromContinuingOperations": "387000000", "comprehensiveIncomeNetOfTax": "383000000", "ebit": "1335000000", "ebitda": "1122000000", "netIncome": "387000000"}, {"fiscalDateEnding": "2017-09-30", "reportedCurrency": "USD", "grossProfit": "273000000", "totalRevenue": "1895000000", "costOfRevenue": "1622000000", "costofGoodsAndServicesSold": "1739000000", "operatingIncome": "-567000000", "sellingGeneralAndAdministrative": "840000000", "researchAndDevelopment": "None", "operatingExpenses": "840000000", "investmentIncomeNet": "None", "netInterestIncome": "2050000000", "interestIncome": "2476000000", "interestExpense": "426000000", "nonInterestIncome": "475000000", "otherNonOperatingIncome": "None", "depreciation": "None", "depreciationAndAmortization": "101000000", "incomeBeforeTax": "903000000", "incomeTaxExpense": "301000000", "interestAndDebtExpense": "426000000", "netIncomeFromContinuingOperations": "602000000", "comprehensiveIncomeNetOfTax": "604000000", "ebit": "1329000000", "ebitda": "1430000000", "netIncome": "602000000"}, {"fiscalDateEnding": "2017-06-30", "reportedCurrency": "USD", "grossProfit": "263000000", "totalRevenue": "1815000000", "costOfRevenue": "1552000000", "costofGoodsAndServicesSold": "1656000000", "operatingIncome": "-552000000", "sellingGeneralAndAdministrative": "815000000", "researchAndDevelopment": "None", "operatingExpenses": "815000000", "investmentIncomeNet": "None", "netInterestIncome": "1938000000", "interestIncome": "2338000000", "interestExpense": "400000000", "nonInterestIncome": "481000000", "otherNonOperatingIncome": "None", "depreciation": "None", "depreciationAndAmortization": "95000000", "incomeBeforeTax": "867000000", "incomeTaxExpense": "321000000", "interestAndDebtExpense": "400000000", "netIncomeFromContinuingOperations": "546000000", "comprehensiveIncomeNetOfTax": "551000000", "ebit": "1267000000", "ebitda": "1362000000", "netIncome": "546000000"}, {"fiscalDateEnding": "2017-03-31", "reportedCurrency": "USD", "grossProfit": "310000000", "totalRevenue": "1781000000", "costOfRevenue": "1471000000", "costofGoodsAndServicesSold": "1569000000", "operatingIncome": "-580000000", "sellingGeneralAndAdministrative": "783000000", "researchAndDevelopment": "None", "operatingExpenses": "890000000", "investmentIncomeNet": "None", "netInterestIncome": "1892000000", "interestIncome": "2278000000", "interestExpense": "386000000", "nonInterestIncome": "447000000", "otherNonOperatingIncome": "None", "depreciation": "None", "depreciationAndAmortization": "93000000", "incomeBeforeTax": "868000000", "incomeTaxExpense": "304000000", "interestAndDebtExpense": "386000000", "netIncomeFromContinuingOperations": "564000000", "comprehensiveIncomeNetOfTax": "570000000", "ebit": "1254000000", "ebitda": "1347000000", "netIncome": "564000000"}, {"fiscalDateEnding": "2016-12-31", "reportedCurrency": "USD", "grossProfit": "305000000", "totalRevenue": "1780000000", "costOfRevenue": "1475000000", "costofGoodsAndServicesSold": "1567000000", "operatingIncome": "305000000", "sellingGeneralAndAdministrative": "921000000", "researchAndDevelopment": "None", "operatingExpenses": "753000000", "investmentIncomeNet": "None", "netInterestIncome": "1892000000", "interestIncome": "2258000000", "interestExpense": "366000000", "nonInterestIncome": "466000000", "otherNonOperatingIncome": "None", "depreciation": "None", "depreciationAndAmortization": "-185000000", "incomeBeforeTax": "883000000", "incomeTaxExpense": "320000000", "interestAndDebtExpense": "366000000", "netIncomeFromContinuingOperations": "563000000", "comprehensiveIncomeNetOfTax": "567000000", "ebit": "1249000000", "ebitda": "1064000000", "netIncome": "563000000"}]}