{"symbol": "DVN", "annualReports": [{"fiscalDateEnding": "2020-12-31", "reportedCurrency": "USD", "grossProfit": "1708000000", "totalRevenue": "4828000000", "costOfRevenue": "3120000000", "costofGoodsAndServicesSold": "4436000000", "operatingIncome": "-1592000000", "sellingGeneralAndAdministrative": "338000000", "researchAndDevelopment": "None", "operatingExpenses": "3286000000", "investmentIncomeNet": "None", "netInterestIncome": "-270000000", "interestIncome": "-247000000", "interestExpense": "270000000", "nonInterestIncome": "4984000000", "otherNonOperatingIncome": "1000000", "depreciation": "None", "depreciationAndAmortization": "8000000", "incomeBeforeTax": "-3227000000", "incomeTaxExpense": "-547000000", "interestAndDebtExpense": "270000000", "netIncomeFromContinuingOperations": "-2543000000", "comprehensiveIncomeNetOfTax": "-2688000000", "ebit": "-2957000000", "ebitda": "-2949000000", "netIncome": "-2680000000"}, {"fiscalDateEnding": "2019-12-31", "reportedCurrency": "USD", "grossProfit": "2790000000", "totalRevenue": "6220000000", "costOfRevenue": "3430000000", "costofGoodsAndServicesSold": "2812000000", "operatingIncome": "2162000000", "sellingGeneralAndAdministrative": "475000000", "researchAndDevelopment": "None", "operatingExpenses": "628000000", "investmentIncomeNet": "None", "netInterestIncome": "-270000000", "interestIncome": "-260000000", "interestExpense": "270000000", "nonInterestIncome": "2006000000", "otherNonOperatingIncome": "48000000", "depreciation": "None", "depreciationAndAmortization": "8000000", "incomeBeforeTax": "-385000000", "incomeTaxExpense": "-30000000", "interestAndDebtExpense": "270000000", "netIncomeFromContinuingOperations": "-79000000", "comprehensiveIncomeNetOfTax": "-1501000000", "ebit": "-115000000", "ebitda": "-107000000", "netIncome": "-355000000"}, {"fiscalDateEnding": "2018-12-31", "reportedCurrency": "USD", "grossProfit": "5390000000", "totalRevenue": "8896000000", "costOfRevenue": "5344000000", "costofGoodsAndServicesSold": "4321000000", "operatingIncome": "4495000000", "sellingGeneralAndAdministrative": "650000000", "researchAndDevelopment": "None", "operatingExpenses": "895000000", "investmentIncomeNet": "None", "netInterestIncome": "-380000000", "interestIncome": "-287000000", "interestExpense": "380000000", "nonInterestIncome": "5541000000", "otherNonOperatingIncome": "263000000", "depreciation": "None", "depreciationAndAmortization": "None", "incomeBeforeTax": "3294000000", "incomeTaxExpense": "230000000", "interestAndDebtExpense": "635000000", "netIncomeFromContinuingOperations": "714000000", "comprehensiveIncomeNetOfTax": "2956000000", "ebit": "3674000000", "ebitda": "3518000000", "netIncome": "3064000000"}, {"fiscalDateEnding": "2017-12-31", "reportedCurrency": "USD", "grossProfit": "5268000000", "totalRevenue": "6501000000", "costOfRevenue": "8681000000", "costofGoodsAndServicesSold": "3559000000", "operatingIncome": "4154000000", "sellingGeneralAndAdministrative": "872000000", "researchAndDevelopment": "None", "operatingExpenses": "1114000000", "investmentIncomeNet": "None", "netInterestIncome": "-459000000", "interestIncome": "-337000000", "interestExpense": "459000000", "nonInterestIncome": "640000000", "otherNonOperatingIncome": "217000000", "depreciation": "None", "depreciationAndAmortization": "None", "incomeBeforeTax": "905000000", "incomeTaxExpense": "7000000", "interestAndDebtExpense": "336000000", "netIncomeFromContinuingOperations": "33000000", "comprehensiveIncomeNetOfTax": "1010000000", "ebit": "1364000000", "ebitda": "1230000000", "netIncome": "898000000"}, {"fiscalDateEnding": "2016-12-31", "reportedCurrency": "USD", "grossProfit": "-839000000", "totalRevenue": "6753000000", "costOfRevenue": "13036000000", "costofGoodsAndServicesSold": "2821000000", "operatingIncome": "-2895000000", "sellingGeneralAndAdministrative": "645000000", "researchAndDevelopment": "None", "operatingExpenses": "4133000000", "investmentIncomeNet": "None", "netInterestIncome": "-251000000", "interestIncome": "-571000000", "interestExpense": "251000000", "nonInterestIncome": "1300000000", "otherNonOperatingIncome": "-78000000", "depreciation": "None", "depreciationAndAmortization": "None", "incomeBeforeTax": "-915000000", "incomeTaxExpense": "141000000", "interestAndDebtExpense": "724000000", "netIncomeFromContinuingOperations": "-574000000", "comprehensiveIncomeNetOfTax": "-1023000000", "ebit": "-2895000000", "ebitda": "-2855000000", "netIncome": "-1056000000"}], "quarterlyReports": [{"fiscalDateEnding": "2021-09-30", "reportedCurrency": "USD", "grossProfit": "3352000000", "totalRevenue": "3466000000", "costOfRevenue": "114000000", "costofGoodsAndServicesSold": "2298000000", "operatingIncome": "3235000000", "sellingGeneralAndAdministrative": "95000000", "researchAndDevelopment": "None", "operatingExpenses": "117000000", "investmentIncomeNet": "None", "netInterestIncome": "-93000000", "interestIncome": "1000000", "interestExpense": "93000000", "nonInterestIncome": "3466000000", "otherNonOperatingIncome": "None", "depreciation": "None", "depreciationAndAmortization": "578000000", "incomeBeforeTax": "958000000", "incomeTaxExpense": "120000000", "interestAndDebtExpense": "93000000", "netIncomeFromContinuingOperations": "844000000", "comprehensiveIncomeNetOfTax": "839000000", "ebit": "1051000000", "ebitda": "1629000000", "netIncome": "838000000"}, {"fiscalDateEnding": "2021-06-30", "reportedCurrency": "USD", "grossProfit": "2299000000", "totalRevenue": "2417000000", "costOfRevenue": "118000000", "costofGoodsAndServicesSold": "2014000000", "operatingIncome": "2265000000", "sellingGeneralAndAdministrative": "94000000", "researchAndDevelopment": "None", "operatingExpenses": "34000000", "investmentIncomeNet": "None", "netInterestIncome": "-98000000", "interestIncome": "-98000000", "interestExpense": "98000000", "nonInterestIncome": "2514000000", "otherNonOperatingIncome": "87000000", "depreciation": "None", "depreciationAndAmortization": "536000000", "incomeBeforeTax": "299000000", "incomeTaxExpense": "43000000", "interestAndDebtExpense": "88000000", "netIncomeFromContinuingOperations": "261000000", "comprehensiveIncomeNetOfTax": "259000000", "ebit": "397000000", "ebitda": "933000000", "netIncome": "256000000"}, {"fiscalDateEnding": "2021-03-31", "reportedCurrency": "USD", "grossProfit": "1458000000", "totalRevenue": "1762000000", "costOfRevenue": "304000000", "costofGoodsAndServicesSold": "956000000", "operatingIncome": "1183000000", "sellingGeneralAndAdministrative": "107000000", "researchAndDevelopment": "None", "operatingExpenses": "275000000", "investmentIncomeNet": "None", "netInterestIncome": "-105000000", "interestIncome": "1000000", "interestExpense": "105000000", "nonInterestIncome": "1814000000", "otherNonOperatingIncome": "32000000", "depreciation": "None", "depreciationAndAmortization": "467000000", "incomeBeforeTax": "-35000000", "incomeTaxExpense": "-248000000", "interestAndDebtExpense": "85000000", "netIncomeFromContinuingOperations": "216000000", "comprehensiveIncomeNetOfTax": "236000000", "ebit": "70000000", "ebitda": "537000000", "netIncome": "213000000"}, {"fiscalDateEnding": "2020-12-31", "reportedCurrency": "USD", "grossProfit": "1138000000", "totalRevenue": "1280000000", "costOfRevenue": "142000000", "costofGoodsAndServicesSold": "1190000000", "operatingIncome": "979000000", "sellingGeneralAndAdministrative": "82000000", "researchAndDevelopment": "None", "operatingExpenses": "145000000", "investmentIncomeNet": "None", "netInterestIncome": "-75000000", "interestIncome": "-64000000", "interestExpense": "75000000", "nonInterestIncome": "1436000000", "otherNonOperatingIncome": "1000000", "depreciation": "None", "depreciationAndAmortization": "301000000", "incomeBeforeTax": "-139000000", "incomeTaxExpense": "-37000000", "interestAndDebtExpense": "75000000", "netIncomeFromContinuingOperations": "-73000000", "comprehensiveIncomeNetOfTax": "-113000000", "ebit": "-64000000", "ebitda": "221000000", "netIncome": "-102000000"}, {"fiscalDateEnding": "2020-09-30", "reportedCurrency": "USD", "grossProfit": "916000000", "totalRevenue": "1067000000", "costOfRevenue": "151000000", "costofGoodsAndServicesSold": "1048000000", "operatingIncome": "726000000", "sellingGeneralAndAdministrative": "75000000", "researchAndDevelopment": "None", "operatingExpenses": "190000000", "investmentIncomeNet": "None", "netInterestIncome": "-65000000", "interestIncome": "-60000000", "interestExpense": "65000000", "nonInterestIncome": "1067000000", "otherNonOperatingIncome": "None", "depreciation": "None", "depreciationAndAmortization": "299", "incomeBeforeTax": "-182000000", "incomeTaxExpense": "-90000000", "interestAndDebtExpense": "65000000", "netIncomeFromContinuingOperations": "-103000000", "comprehensiveIncomeNetOfTax": "-91000000", "ebit": "-117000000", "ebitda": "-116000000", "netIncome": "-92000000"}, {"fiscalDateEnding": "2020-06-30", "reportedCurrency": "USD", "grossProfit": "304000000", "totalRevenue": "394000000", "costOfRevenue": "90000000", "costofGoodsAndServicesSold": "901000000", "operatingIncome": "202000000", "sellingGeneralAndAdministrative": "79000000", "researchAndDevelopment": "None", "operatingExpenses": "102000000", "investmentIncomeNet": "None", "netInterestIncome": "-65000000", "interestIncome": "2000000", "interestExpense": "65000000", "nonInterestIncome": "394000000", "otherNonOperatingIncome": "None", "depreciation": "None", "depreciationAndAmortization": "None", "incomeBeforeTax": "-673000000", "incomeTaxExpense": "-3000000", "interestAndDebtExpense": "65000000", "netIncomeFromContinuingOperations": "-677000000", "comprehensiveIncomeNetOfTax": "-669000000", "ebit": "-608000000", "ebitda": "-608000000", "netIncome": "-670000000"}, {"fiscalDateEnding": "2020-03-31", "reportedCurrency": "USD", "grossProfit": "-1267000000", "totalRevenue": "2087000000", "costOfRevenue": "3354000000", "costofGoodsAndServicesSold": "578000000", "operatingIncome": "-4155000000", "sellingGeneralAndAdministrative": "102000000", "researchAndDevelopment": "None", "operatingExpenses": "2888000000", "investmentIncomeNet": "None", "netInterestIncome": "-65000000", "interestIncome": "5000000", "interestExpense": "65000000", "nonInterestIncome": "2000000000", "otherNonOperatingIncome": "None", "depreciation": "None", "depreciationAndAmortization": "None", "incomeBeforeTax": "-2233000000", "incomeTaxExpense": "-417000000", "interestAndDebtExpense": "65000000", "netIncomeFromContinuingOperations": "-1690000000", "comprehensiveIncomeNetOfTax": "-1815000000", "ebit": "-2168000000", "ebitda": "-2168000000", "netIncome": "-1816000000"}, {"fiscalDateEnding": "2019-12-31", "reportedCurrency": "USD", "grossProfit": "1589000000", "totalRevenue": "1589000000", "costOfRevenue": "791000000", "costofGoodsAndServicesSold": "665000000", "operatingIncome": "1589000000", "sellingGeneralAndAdministrative": "119000000", "researchAndDevelopment": "None", "operatingExpenses": "154000000", "investmentIncomeNet": "None", "netInterestIncome": "-67000000", "interestIncome": "-65000000", "interestExpense": "67000000", "nonInterestIncome": "439000000", "otherNonOperatingIncome": "1000000", "depreciation": "None", "depreciationAndAmortization": "-10000000", "incomeBeforeTax": "-675000000", "incomeTaxExpense": "-33000000", "interestAndDebtExpense": "67000000", "netIncomeFromContinuingOperations": "12000000", "comprehensiveIncomeNetOfTax": "-645000000", "ebit": "-608000000", "ebitda": "-618000000", "netIncome": "-642000000"}, {"fiscalDateEnding": "2019-09-30", "reportedCurrency": "USD", "grossProfit": "1017000000", "totalRevenue": "1746000000", "costOfRevenue": "830000000", "costofGoodsAndServicesSold": "684000000", "operatingIncome": "855000000", "sellingGeneralAndAdministrative": "107000000", "researchAndDevelopment": "None", "operatingExpenses": "162000000", "investmentIncomeNet": "None", "netInterestIncome": "-68000000", "interestIncome": "-65000000", "interestExpense": "68000000", "nonInterestIncome": "956000000", "otherNonOperatingIncome": "2000000", "depreciation": "None", "depreciationAndAmortization": "6000000", "incomeBeforeTax": "163000000", "incomeTaxExpense": "54000000", "interestAndDebtExpense": "68000000", "netIncomeFromContinuingOperations": "136000000", "comprehensiveIncomeNetOfTax": "110000000", "ebit": "231000000", "ebitda": "237000000", "netIncome": "109000000"}, {"fiscalDateEnding": "2019-06-30", "reportedCurrency": "USD", "grossProfit": "1071000000", "totalRevenue": "1806000000", "costOfRevenue": "850000000", "costofGoodsAndServicesSold": "713000000", "operatingIncome": "928000000", "sellingGeneralAndAdministrative": "114000000", "researchAndDevelopment": "None", "operatingExpenses": "143000000", "investmentIncomeNet": "None", "netInterestIncome": "-65000000", "interestIncome": "-65000000", "interestExpense": "65000000", "nonInterestIncome": "1011000000", "otherNonOperatingIncome": "1000000", "depreciation": "None", "depreciationAndAmortization": "None", "incomeBeforeTax": "563000000", "incomeTaxExpense": "68000000", "interestAndDebtExpense": "65000000", "netIncomeFromContinuingOperations": "151000000", "comprehensiveIncomeNetOfTax": "-686000000", "ebit": "628000000", "ebitda": "631000000", "netIncome": "495000000"}, {"fiscalDateEnding": "2019-03-31", "reportedCurrency": "USD", "grossProfit": "517000000", "totalRevenue": "1079000000", "costOfRevenue": "984000000", "costofGoodsAndServicesSold": "750000000", "operatingIncome": "323000000", "sellingGeneralAndAdministrative": "153000000", "researchAndDevelopment": "None", "operatingExpenses": "194000000", "investmentIncomeNet": "None", "netInterestIncome": "-78000000", "interestIncome": "-54000000", "interestExpense": "78000000", "nonInterestIncome": "-548000000", "otherNonOperatingIncome": "44000000", "depreciation": "None", "depreciationAndAmortization": "None", "incomeBeforeTax": "-436000000", "incomeTaxExpense": "-119000000", "interestAndDebtExpense": "86000000", "netIncomeFromContinuingOperations": "-378000000", "comprehensiveIncomeNetOfTax": "-280000000", "ebit": "-358000000", "ebitda": "-349000000", "netIncome": "-317000000"}, {"fiscalDateEnding": "2018-12-31", "reportedCurrency": "USD", "grossProfit": "3708000000", "totalRevenue": "3530000000", "costOfRevenue": "4538000000", "costofGoodsAndServicesSold": "1105000000", "operatingIncome": "3976000000", "sellingGeneralAndAdministrative": "151000000", "researchAndDevelopment": "None", "operatingExpenses": "-268000000", "investmentIncomeNet": "None", "netInterestIncome": "-81000000", "interestIncome": "None", "interestExpense": "81000000", "nonInterestIncome": "7475000000", "otherNonOperatingIncome": "268000000", "depreciation": "None", "depreciationAndAmortization": "None", "incomeBeforeTax": "1540000000", "incomeTaxExpense": "391000000", "interestAndDebtExpense": "85000000", "netIncomeFromContinuingOperations": "1378000000", "comprehensiveIncomeNetOfTax": "1045000000", "ebit": "1621000000", "ebitda": "1565000000", "netIncome": "1149000000"}, {"fiscalDateEnding": "2018-09-30", "reportedCurrency": "USD", "grossProfit": "2404000000", "totalRevenue": "1974000000", "costOfRevenue": "175000000", "costofGoodsAndServicesSold": "1201000000", "operatingIncome": "2203000000", "sellingGeneralAndAdministrative": "147000000", "researchAndDevelopment": "None", "operatingExpenses": "201000000", "investmentIncomeNet": "None", "netInterestIncome": "-87000000", "interestIncome": "None", "interestExpense": "87000000", "nonInterestIncome": "-518000000", "otherNonOperatingIncome": "6000000", "depreciation": "None", "depreciationAndAmortization": "None", "incomeBeforeTax": "2366000000", "incomeTaxExpense": "-171000000", "interestAndDebtExpense": "86000000", "netIncomeFromContinuingOperations": "96000000", "comprehensiveIncomeNetOfTax": "2608000000", "ebit": "2453000000", "ebitda": "2474000000", "netIncome": "2537000000"}, {"fiscalDateEnding": "2018-06-30", "reportedCurrency": "USD", "grossProfit": "673000000", "totalRevenue": "1727000000", "costOfRevenue": "1576000000", "costofGoodsAndServicesSold": "1149000000", "operatingIncome": "166000000", "sellingGeneralAndAdministrative": "153000000", "researchAndDevelopment": "None", "operatingExpenses": "507000000", "investmentIncomeNet": "None", "netInterestIncome": "-98000000", "interestIncome": "None", "interestExpense": "98000000", "nonInterestIncome": "1716000000", "otherNonOperatingIncome": "-23000000", "depreciation": "None", "depreciationAndAmortization": "None", "incomeBeforeTax": "-412000000", "incomeTaxExpense": "13000000", "interestAndDebtExpense": "69000000", "netIncomeFromContinuingOperations": "-499000000", "comprehensiveIncomeNetOfTax": "-456000000", "ebit": "-314000000", "ebitda": "-368000000", "netIncome": "-425000000"}, {"fiscalDateEnding": "2018-03-31", "reportedCurrency": "USD", "grossProfit": "1346000000", "totalRevenue": "1665000000", "costOfRevenue": "2464000000", "costofGoodsAndServicesSold": "873000000", "operatingIncome": "1075000000", "sellingGeneralAndAdministrative": "226000000", "researchAndDevelopment": "None", "operatingExpenses": "271000000", "investmentIncomeNet": "None", "netInterestIncome": "-114000000", "interestIncome": "None", "interestExpense": "114000000", "nonInterestIncome": "-385000000", "otherNonOperatingIncome": "12000000", "depreciation": "None", "depreciationAndAmortization": "None", "incomeBeforeTax": "-231000000", "incomeTaxExpense": "-34000000", "interestAndDebtExpense": "395000000", "netIncomeFromContinuingOperations": "-261000000", "comprehensiveIncomeNetOfTax": "-241000000", "ebit": "-117000000", "ebitda": "-102000000", "netIncome": "-197000000"}, {"fiscalDateEnding": "2017-12-31", "reportedCurrency": "USD", "grossProfit": "2380000000", "totalRevenue": "2380000000", "costOfRevenue": "1536000000", "costofGoodsAndServicesSold": "-2936000000", "operatingIncome": "2397000000", "sellingGeneralAndAdministrative": "374000000", "researchAndDevelopment": "None", "operatingExpenses": "-17000000", "investmentIncomeNet": "None", "netInterestIncome": "-117000000", "interestIncome": "None", "interestExpense": "117000000", "nonInterestIncome": "222000000", "otherNonOperatingIncome": "93000000", "depreciation": "None", "depreciationAndAmortization": "None", "incomeBeforeTax": "177000000", "incomeTaxExpense": "-6000000", "interestAndDebtExpense": "85000000", "netIncomeFromContinuingOperations": "44000000", "comprehensiveIncomeNetOfTax": "203000000", "ebit": "294000000", "ebitda": "-423000000", "netIncome": "183000000"}, {"fiscalDateEnding": "2017-09-30", "reportedCurrency": "USD", "grossProfit": "744000000", "totalRevenue": "1933000000", "costOfRevenue": "2412000000", "costofGoodsAndServicesSold": "2204000000", "operatingIncome": "326000000", "sellingGeneralAndAdministrative": "153000000", "researchAndDevelopment": "None", "operatingExpenses": "209000000", "investmentIncomeNet": "None", "netInterestIncome": "-115000000", "interestIncome": "None", "interestExpense": "115000000", "nonInterestIncome": "-298000000", "otherNonOperatingIncome": "73000000", "depreciation": "None", "depreciationAndAmortization": "37000000", "incomeBeforeTax": "206000000", "incomeTaxExpense": "13000000", "interestAndDebtExpense": "85000000", "netIncomeFromContinuingOperations": "194000000", "comprehensiveIncomeNetOfTax": "240000000", "ebit": "326000000", "ebitda": "358000000", "netIncome": "193000000"}, {"fiscalDateEnding": "2017-06-30", "reportedCurrency": "USD", "grossProfit": "963000000", "totalRevenue": "2165000000", "costOfRevenue": "2310000000", "costofGoodsAndServicesSold": "2102000000", "operatingIncome": "542000000", "sellingGeneralAndAdministrative": "164000000", "researchAndDevelopment": "None", "operatingExpenses": "194000000", "investmentIncomeNet": "None", "netInterestIncome": "-114000000", "interestIncome": "None", "interestExpense": "114000000", "nonInterestIncome": "247000000", "otherNonOperatingIncome": "32000000", "depreciation": "None", "depreciationAndAmortization": "30000000", "incomeBeforeTax": "214000000", "incomeTaxExpense": "-5000000", "interestAndDebtExpense": "81000000", "netIncomeFromContinuingOperations": "212000000", "comprehensiveIncomeNetOfTax": "251000000", "ebit": "542000000", "ebitda": "358000000", "netIncome": "219000000"}, {"fiscalDateEnding": "2017-03-31", "reportedCurrency": "USD", "grossProfit": "1124000000", "totalRevenue": "2400000000", "costOfRevenue": "2423000000", "costofGoodsAndServicesSold": "2189000000", "operatingIncome": "706000000", "sellingGeneralAndAdministrative": "181000000", "researchAndDevelopment": "None", "operatingExpenses": "238000000", "investmentIncomeNet": "None", "netInterestIncome": "-113000000", "interestIncome": "None", "interestExpense": "113000000", "nonInterestIncome": "469000000", "otherNonOperatingIncome": "19000000", "depreciation": "None", "depreciationAndAmortization": "29000000", "incomeBeforeTax": "311000000", "incomeTaxExpense": "8000000", "interestAndDebtExpense": "130000000", "netIncomeFromContinuingOperations": "308000000", "comprehensiveIncomeNetOfTax": "316000000", "ebit": "706000000", "ebitda": "453000000", "netIncome": "303000000"}, {"fiscalDateEnding": "2016-12-31", "reportedCurrency": "USD", "grossProfit": "3250000000", "totalRevenue": "3350000000", "costOfRevenue": "100000000", "costofGoodsAndServicesSold": "-2278000000", "operatingIncome": "637000000", "sellingGeneralAndAdministrative": "163000000", "researchAndDevelopment": "None", "operatingExpenses": "-440000000", "investmentIncomeNet": "None", "netInterestIncome": "307000000", "interestIncome": "None", "interestExpense": "-307000000", "nonInterestIncome": "1773000000", "otherNonOperatingIncome": "72000000", "depreciation": "None", "depreciationAndAmortization": "None", "incomeBeforeTax": "700000000", "incomeTaxExpense": "369000000", "interestAndDebtExpense": "149000000", "netIncomeFromContinuingOperations": "3450000000", "comprehensiveIncomeNetOfTax": "2562000000", "ebit": "637000000", "ebitda": "539000000", "netIncome": "331000000"}]}