{"symbol": "EBAY", "annualReports": [{"fiscalDateEnding": "2020-12-31", "reportedCurrency": "USD", "grossProfit": "7798000000", "totalRevenue": "10271000000", "costOfRevenue": "2473000000", "costofGoodsAndServicesSold": "2473000000", "operatingIncome": "2711000000", "sellingGeneralAndAdministrative": "3642000000", "researchAndDevelopment": "1087000000", "operatingExpenses": "5087000000", "investmentIncomeNet": "39000000", "netInterestIncome": "-305000000", "interestIncome": "39000000", "interestExpense": "305000000", "nonInterestIncome": "10271000000", "otherNonOperatingIncome": "-32000000", "depreciation": "None", "depreciationAndAmortization": "609000000", "incomeBeforeTax": "6545000000", "incomeTaxExpense": "878000000", "interestAndDebtExpense": "305000000", "netIncomeFromContinuingOperations": "2542000000", "comprehensiveIncomeNetOfTax": "5899000000", "ebit": "6850000000", "ebitda": "7459000000", "netIncome": "5667000000"}, {"fiscalDateEnding": "2019-12-31", "reportedCurrency": "USD", "grossProfit": "6500000000", "totalRevenue": "8636000000", "costOfRevenue": "2136000000", "costofGoodsAndServicesSold": "2508000000", "operatingIncome": "1861000000", "sellingGeneralAndAdministrative": "4383000000", "researchAndDevelopment": "976000000", "operatingExpenses": "4639000000", "investmentIncomeNet": "120000000", "netInterestIncome": "-311000000", "interestIncome": "120000000", "interestExpense": "311000000", "nonInterestIncome": "10748000000", "otherNonOperatingIncome": "-1000000", "depreciation": "None", "depreciationAndAmortization": "629000000", "incomeBeforeTax": "2019000000", "incomeTaxExpense": "233000000", "interestAndDebtExpense": "311000000", "netIncomeFromContinuingOperations": "1516000000", "comprehensiveIncomeNetOfTax": "1672000000", "ebit": "2330000000", "ebitda": "2959000000", "netIncome": "1786000000"}, {"fiscalDateEnding": "2018-12-31", "reportedCurrency": "USD", "grossProfit": "6627000000", "totalRevenue": "8650000000", "costOfRevenue": "2023000000", "costofGoodsAndServicesSold": "2382000000", "operatingIncome": "1752000000", "sellingGeneralAndAdministrative": "4522000000", "researchAndDevelopment": "1051000000", "operatingExpenses": "4875000000", "investmentIncomeNet": "176000000", "netInterestIncome": "-326000000", "interestIncome": "176000000", "interestExpense": "326000000", "nonInterestIncome": "10433000000", "otherNonOperatingIncome": "-16000000", "depreciation": "None", "depreciationAndAmortization": "635000000", "incomeBeforeTax": "2651000000", "incomeTaxExpense": "121000000", "interestAndDebtExpense": "326000000", "netIncomeFromContinuingOperations": "2128000000", "comprehensiveIncomeNetOfTax": "2311000000", "ebit": "2977000000", "ebitda": "3612000000", "netIncome": "2530000000"}, {"fiscalDateEnding": "2017-12-31", "reportedCurrency": "USD", "grossProfit": "7706000000", "totalRevenue": "9927000000", "costOfRevenue": "2221000000", "costofGoodsAndServicesSold": "2222000000", "operatingIncome": "2264000000", "sellingGeneralAndAdministrative": "3546000000", "researchAndDevelopment": "1224000000", "operatingExpenses": "5442000000", "investmentIncomeNet": "177000000", "netInterestIncome": "-292000000", "interestIncome": "177000000", "interestExpense": "292000000", "nonInterestIncome": "167000000", "otherNonOperatingIncome": "11000000", "depreciation": "None", "depreciationAndAmortization": "676000000", "incomeBeforeTax": "2271000000", "incomeTaxExpense": "3288000000", "interestAndDebtExpense": "292000000", "netIncomeFromContinuingOperations": "-1013000000", "comprehensiveIncomeNetOfTax": "-176000000", "ebit": "2563000000", "ebitda": "3239000000", "netIncome": "-1017000000"}, {"fiscalDateEnding": "2016-12-31", "reportedCurrency": "USD", "grossProfit": "7294000000", "totalRevenue": "9298000000", "costOfRevenue": "2004000000", "costofGoodsAndServicesSold": "2007000000", "operatingIncome": "2325000000", "sellingGeneralAndAdministrative": "3268000000", "researchAndDevelopment": "1114000000", "operatingExpenses": "4969000000", "investmentIncomeNet": "125000000", "netInterestIncome": "-225000000", "interestIncome": "125000000", "interestExpense": "225000000", "nonInterestIncome": "1343000000", "otherNonOperatingIncome": "83000000", "depreciation": "None", "depreciationAndAmortization": "682000000", "incomeBeforeTax": "3632000000", "incomeTaxExpense": "-3634000000", "interestAndDebtExpense": "225000000", "netIncomeFromContinuingOperations": "7285000000", "comprehensiveIncomeNetOfTax": "6616000000", "ebit": "3857000000", "ebitda": "4539000000", "netIncome": "7266000000"}], "quarterlyReports": [{"fiscalDateEnding": "2021-09-30", "reportedCurrency": "USD", "grossProfit": "1823000000", "totalRevenue": "2501000000", "costOfRevenue": "678000000", "costofGoodsAndServicesSold": "678000000", "operatingIncome": "662000000", "sellingGeneralAndAdministrative": "715000000", "researchAndDevelopment": "334000000", "operatingExpenses": "1161000000", "investmentIncomeNet": "None", "netInterestIncome": "-228000000", "interestIncome": "None", "interestExpense": "None", "nonInterestIncome": "2584000000", "otherNonOperatingIncome": "None", "depreciation": "None", "depreciationAndAmortization": "119000000", "incomeBeforeTax": "415000000", "incomeTaxExpense": "151000000", "interestAndDebtExpense": "0", "netIncomeFromContinuingOperations": "283000000", "comprehensiveIncomeNetOfTax": "226000000", "ebit": "662000000", "ebitda": "781000000", "netIncome": "264000000"}, {"fiscalDateEnding": "2021-06-30", "reportedCurrency": "USD", "grossProfit": "1996000000", "totalRevenue": "2668000000", "costOfRevenue": "672000000", "costofGoodsAndServicesSold": "672000000", "operatingIncome": "732000000", "sellingGeneralAndAdministrative": "809000000", "researchAndDevelopment": "350000000", "operatingExpenses": "1264000000", "investmentIncomeNet": "None", "netInterestIncome": "-331000000", "interestIncome": "None", "interestExpense": "None", "nonInterestIncome": "2668000000", "otherNonOperatingIncome": "None", "depreciation": "None", "depreciationAndAmortization": "121000000", "incomeBeforeTax": "10841000000", "incomeTaxExpense": "107000000", "interestAndDebtExpense": "0", "netIncomeFromContinuingOperations": "294000000", "comprehensiveIncomeNetOfTax": "10741000000", "ebit": "732000000", "ebitda": "853000000", "netIncome": "10734000000"}, {"fiscalDateEnding": "2021-03-31", "reportedCurrency": "USD", "grossProfit": "2200000000", "totalRevenue": "3023000000", "costOfRevenue": "823000000", "costofGoodsAndServicesSold": "823000000", "operatingIncome": "842000000", "sellingGeneralAndAdministrative": "945000000", "researchAndDevelopment": "318000000", "operatingExpenses": "1358000000", "investmentIncomeNet": "None", "netInterestIncome": "-117000000", "interestIncome": "None", "interestExpense": "117000000", "nonInterestIncome": "3013000000", "otherNonOperatingIncome": "None", "depreciation": "None", "depreciationAndAmortization": "140000000", "incomeBeforeTax": "797000000", "incomeTaxExpense": "156000000", "interestAndDebtExpense": "10000000", "netIncomeFromContinuingOperations": "569000000", "comprehensiveIncomeNetOfTax": "578000000", "ebit": "842000000", "ebitda": "982000000", "netIncome": "641000000"}, {"fiscalDateEnding": "2020-12-31", "reportedCurrency": "USD", "grossProfit": "2126000000", "totalRevenue": "2868000000", "costOfRevenue": "742000000", "costofGoodsAndServicesSold": "742000000", "operatingIncome": "677000000", "sellingGeneralAndAdministrative": "1057000000", "researchAndDevelopment": "299000000", "operatingExpenses": "1449000000", "investmentIncomeNet": "None", "netInterestIncome": "-575000000", "interestIncome": "-238000000", "interestExpense": "None", "nonInterestIncome": "2868000000", "otherNonOperatingIncome": "None", "depreciation": "None", "depreciationAndAmortization": "138000000", "incomeBeforeTax": "1173000000", "incomeTaxExpense": "328000000", "interestAndDebtExpense": "305000000", "netIncomeFromContinuingOperations": "781000000", "comprehensiveIncomeNetOfTax": "1050000000", "ebit": "677000000", "ebitda": "815000000", "netIncome": "845000000"}, {"fiscalDateEnding": "2020-09-30", "reportedCurrency": "USD", "grossProfit": "1780000000", "totalRevenue": "2606000000", "costOfRevenue": "478000000", "costofGoodsAndServicesSold": "656000000", "operatingIncome": "662000000", "sellingGeneralAndAdministrative": "918000000", "researchAndDevelopment": "271000000", "operatingExpenses": "1118000000", "investmentIncomeNet": "None", "netInterestIncome": "95000000", "interestIncome": "95000000", "interestExpense": "None", "nonInterestIncome": "2606000000", "otherNonOperatingIncome": "None", "depreciation": "None", "depreciationAndAmortization": "152000000", "incomeBeforeTax": "817000000", "incomeTaxExpense": "151000000", "interestAndDebtExpense": "0", "netIncomeFromContinuingOperations": "605000000", "comprehensiveIncomeNetOfTax": "754000000", "ebit": "679000000", "ebitda": "831000000", "netIncome": "664000000"}, {"fiscalDateEnding": "2020-06-30", "reportedCurrency": "USD", "grossProfit": "1920000000", "totalRevenue": "2693000000", "costOfRevenue": "417000000", "costofGoodsAndServicesSold": "598000000", "operatingIncome": "764000000", "sellingGeneralAndAdministrative": "1036000000", "researchAndDevelopment": "256000000", "operatingExpenses": "1156000000", "investmentIncomeNet": "None", "netInterestIncome": "182000000", "interestIncome": "182000000", "interestExpense": "None", "nonInterestIncome": "2865000000", "otherNonOperatingIncome": "None", "depreciation": "None", "depreciationAndAmortization": "178000000", "incomeBeforeTax": "1009000000", "incomeTaxExpense": "256000000", "interestAndDebtExpense": "0", "netIncomeFromContinuingOperations": "689000000", "comprehensiveIncomeNetOfTax": "782000000", "ebit": "821000000", "ebitda": "999000000", "netIncome": "746000000"}, {"fiscalDateEnding": "2020-03-31", "reportedCurrency": "USD", "grossProfit": "1627000000", "totalRevenue": "2129000000", "costOfRevenue": "502000000", "costofGoodsAndServicesSold": "526000000", "operatingIncome": "565000000", "sellingGeneralAndAdministrative": "841000000", "researchAndDevelopment": "232000000", "operatingExpenses": "1062000000", "investmentIncomeNet": "None", "netInterestIncome": "2000000", "interestIncome": "2000000", "interestExpense": "None", "nonInterestIncome": "2374000000", "otherNonOperatingIncome": "None", "depreciation": "None", "depreciationAndAmortization": "141000000", "incomeBeforeTax": "3547000000", "incomeTaxExpense": "135000000", "interestAndDebtExpense": "0", "netIncomeFromContinuingOperations": "431000000", "comprehensiveIncomeNetOfTax": "3313000000", "ebit": "565000000", "ebitda": "706000000", "netIncome": "3412000000"}, {"fiscalDateEnding": "2019-12-31", "reportedCurrency": "USD", "grossProfit": "1680000000", "totalRevenue": "2236000000", "costOfRevenue": "556000000", "costofGoodsAndServicesSold": "650000000", "operatingIncome": "478000000", "sellingGeneralAndAdministrative": "1152000000", "researchAndDevelopment": "241000000", "operatingExpenses": "1202000000", "investmentIncomeNet": "None", "netInterestIncome": "-62000000", "interestIncome": "15000000", "interestExpense": "-78000000", "nonInterestIncome": "2821000000", "otherNonOperatingIncome": "None", "depreciation": "None", "depreciationAndAmortization": "155000000", "incomeBeforeTax": "581000000", "incomeTaxExpense": "25000000", "interestAndDebtExpense": "None", "netIncomeFromContinuingOperations": "469000000", "comprehensiveIncomeNetOfTax": "579000000", "ebit": "478000000", "ebitda": "633000000", "netIncome": "556000000"}, {"fiscalDateEnding": "2019-09-30", "reportedCurrency": "USD", "grossProfit": "1553000000", "totalRevenue": "2083000000", "costOfRevenue": "530000000", "costofGoodsAndServicesSold": "627000000", "operatingIncome": "408000000", "sellingGeneralAndAdministrative": "1089000000", "researchAndDevelopment": "243000000", "operatingExpenses": "1145000000", "investmentIncomeNet": "None", "netInterestIncome": "-142000000", "interestIncome": "-142000000", "interestExpense": "-74000000", "nonInterestIncome": "2649000000", "otherNonOperatingIncome": "None", "depreciation": "None", "depreciationAndAmortization": "144000000", "incomeBeforeTax": "366000000", "incomeTaxExpense": "56000000", "interestAndDebtExpense": "None", "netIncomeFromContinuingOperations": "210000000", "comprehensiveIncomeNetOfTax": "207000000", "ebit": "408000000", "ebitda": "552000000", "netIncome": "310000000"}, {"fiscalDateEnding": "2019-06-30", "reportedCurrency": "USD", "grossProfit": "1624000000", "totalRevenue": "2177000000", "costOfRevenue": "553000000", "costofGoodsAndServicesSold": "630000000", "operatingIncome": "558000000", "sellingGeneralAndAdministrative": "1091000000", "researchAndDevelopment": "295000000", "operatingExpenses": "1312000000", "investmentIncomeNet": "None", "netInterestIncome": "-51000000", "interestIncome": "-51000000", "interestExpense": "-79000000", "nonInterestIncome": "2687000000", "otherNonOperatingIncome": "None", "depreciation": "None", "depreciationAndAmortization": "168000000", "incomeBeforeTax": "509000000", "incomeTaxExpense": "107000000", "interestAndDebtExpense": "None", "netIncomeFromContinuingOperations": "377000000", "comprehensiveIncomeNetOfTax": "402000000", "ebit": "558000000", "ebitda": "726000000", "netIncome": "402000000"}, {"fiscalDateEnding": "2019-03-31", "reportedCurrency": "USD", "grossProfit": "1643000000", "totalRevenue": "2182000000", "costOfRevenue": "539000000", "costofGoodsAndServicesSold": "601000000", "operatingIncome": "593000000", "sellingGeneralAndAdministrative": "1051000000", "researchAndDevelopment": "272000000", "operatingExpenses": "1281000000", "investmentIncomeNet": "None", "netInterestIncome": "64000000", "interestIncome": "None", "interestExpense": "-80000000", "nonInterestIncome": "2643000000", "otherNonOperatingIncome": "None", "depreciation": "None", "depreciationAndAmortization": "162000000", "incomeBeforeTax": "659000000", "incomeTaxExpense": "141000000", "interestAndDebtExpense": "None", "netIncomeFromContinuingOperations": "460000000", "comprehensiveIncomeNetOfTax": "484000000", "ebit": "593000000", "ebitda": "755000000", "netIncome": "518000000"}, {"fiscalDateEnding": "2018-12-31", "reportedCurrency": "USD", "grossProfit": "2259000000", "totalRevenue": "2518000000", "costOfRevenue": "259000000", "costofGoodsAndServicesSold": "618000000", "operatingIncome": "211000000", "sellingGeneralAndAdministrative": "1190000000", "researchAndDevelopment": "58000000", "operatingExpenses": "311000000", "investmentIncomeNet": "None", "netInterestIncome": "None", "interestIncome": "None", "interestExpense": "-87000000", "nonInterestIncome": "2877000000", "otherNonOperatingIncome": "None", "depreciation": "None", "depreciationAndAmortization": "111000000", "incomeBeforeTax": "315000000", "incomeTaxExpense": "-445000000", "interestAndDebtExpense": "None", "netIncomeFromContinuingOperations": "763000000", "comprehensiveIncomeNetOfTax": "708000000", "ebit": "211000000", "ebitda": "322000000", "netIncome": "760000000"}, {"fiscalDateEnding": "2018-09-30", "reportedCurrency": "USD", "grossProfit": "2041000000", "totalRevenue": "2649000000", "costOfRevenue": "608000000", "costofGoodsAndServicesSold": "608000000", "operatingIncome": "556000000", "sellingGeneralAndAdministrative": "1100000000", "researchAndDevelopment": "307000000", "operatingExpenses": "1485000000", "investmentIncomeNet": "None", "netInterestIncome": "None", "interestIncome": "None", "interestExpense": "-79000000", "nonInterestIncome": "2336000000", "otherNonOperatingIncome": "None", "depreciation": "None", "depreciationAndAmortization": "175000000", "incomeBeforeTax": "949000000", "incomeTaxExpense": "228000000", "interestAndDebtExpense": "None", "netIncomeFromContinuingOperations": "720000000", "comprehensiveIncomeNetOfTax": "690000000", "ebit": "556000000", "ebitda": "731000000", "netIncome": "721000000"}, {"fiscalDateEnding": "2018-06-30", "reportedCurrency": "USD", "grossProfit": "2043000000", "totalRevenue": "2640000000", "costOfRevenue": "597000000", "costofGoodsAndServicesSold": "597000000", "operatingIncome": "406000000", "sellingGeneralAndAdministrative": "1206000000", "researchAndDevelopment": "352000000", "operatingExpenses": "1637000000", "investmentIncomeNet": "None", "netInterestIncome": "None", "interestIncome": "None", "interestExpense": "-79000000", "nonInterestIncome": "2640000000", "otherNonOperatingIncome": "None", "depreciation": "None", "depreciationAndAmortization": "170000000", "incomeBeforeTax": "711000000", "incomeTaxExpense": "69000000", "interestAndDebtExpense": "None", "netIncomeFromContinuingOperations": "638000000", "comprehensiveIncomeNetOfTax": "423000000", "ebit": "406000000", "ebitda": "576000000", "netIncome": "642000000"}, {"fiscalDateEnding": "2018-03-31", "reportedCurrency": "USD", "grossProfit": "2021000000", "totalRevenue": "2580000000", "costOfRevenue": "559000000", "costofGoodsAndServicesSold": "559000000", "operatingIncome": "579000000", "sellingGeneralAndAdministrative": "1026000000", "researchAndDevelopment": "334000000", "operatingExpenses": "1442000000", "investmentIncomeNet": "None", "netInterestIncome": "None", "interestIncome": "None", "interestExpense": "81000000", "nonInterestIncome": "2580000000", "otherNonOperatingIncome": "None", "depreciation": "None", "depreciationAndAmortization": "179000000", "incomeBeforeTax": "547000000", "incomeTaxExpense": "140000000", "interestAndDebtExpense": "None", "netIncomeFromContinuingOperations": "407000000", "comprehensiveIncomeNetOfTax": "490000000", "ebit": "579000000", "ebitda": "758000000", "netIncome": "407000000"}, {"fiscalDateEnding": "2017-12-31", "reportedCurrency": "USD", "grossProfit": "2117000000", "totalRevenue": "2706000000", "costOfRevenue": "589000000", "costofGoodsAndServicesSold": "590000000", "operatingIncome": "663000000", "sellingGeneralAndAdministrative": "954000000", "researchAndDevelopment": "317000000", "operatingExpenses": "1454000000", "investmentIncomeNet": "None", "netInterestIncome": "None", "interestIncome": "None", "interestExpense": "67000000", "nonInterestIncome": "2707000000", "otherNonOperatingIncome": "None", "depreciation": "None", "depreciationAndAmortization": "172000000", "incomeBeforeTax": "-3046000000", "incomeTaxExpense": "-445000000", "interestAndDebtExpense": "None", "netIncomeFromContinuingOperations": "-2597000000", "comprehensiveIncomeNetOfTax": "-2422000000", "ebit": "663000000", "ebitda": "835000000", "netIncome": "-2601000000"}, {"fiscalDateEnding": "2017-09-30", "reportedCurrency": "USD", "grossProfit": "1941000000", "totalRevenue": "2497000000", "costOfRevenue": "556000000", "costofGoodsAndServicesSold": "556000000", "operatingIncome": "574000000", "sellingGeneralAndAdministrative": "881000000", "researchAndDevelopment": "316000000", "operatingExpenses": "1367000000", "investmentIncomeNet": "None", "netInterestIncome": "None", "interestIncome": "None", "interestExpense": "83000000", "nonInterestIncome": "2498000000", "otherNonOperatingIncome": "None", "depreciation": "None", "depreciationAndAmortization": "173000000", "incomeBeforeTax": "694000000", "incomeTaxExpense": "174000000", "interestAndDebtExpense": "None", "netIncomeFromContinuingOperations": "520000000", "comprehensiveIncomeNetOfTax": "621000000", "ebit": "574000000", "ebitda": "747000000", "netIncome": "520000000"}, {"fiscalDateEnding": "2017-06-30", "reportedCurrency": "USD", "grossProfit": "1859000000", "totalRevenue": "2419000000", "costOfRevenue": "560000000", "costofGoodsAndServicesSold": "561000000", "operatingIncome": "480000000", "sellingGeneralAndAdministrative": "904000000", "researchAndDevelopment": "313000000", "operatingExpenses": "1379000000", "investmentIncomeNet": "None", "netInterestIncome": "None", "interestIncome": "None", "interestExpense": "74000000", "nonInterestIncome": "2419000000", "otherNonOperatingIncome": "None", "depreciation": "None", "depreciationAndAmortization": "168000000", "incomeBeforeTax": "462000000", "incomeTaxExpense": "433000000", "interestAndDebtExpense": "None", "netIncomeFromContinuingOperations": "29000000", "comprehensiveIncomeNetOfTax": "301000000", "ebit": "480000000", "ebitda": "648000000", "netIncome": "29000000"}, {"fiscalDateEnding": "2017-03-31", "reportedCurrency": "USD", "grossProfit": "1789000000", "totalRevenue": "2303000000", "costOfRevenue": "514000000", "costofGoodsAndServicesSold": "515000000", "operatingIncome": "547000000", "sellingGeneralAndAdministrative": "807000000", "researchAndDevelopment": "278000000", "operatingExpenses": "1242000000", "investmentIncomeNet": "None", "netInterestIncome": "None", "interestIncome": "None", "interestExpense": "68000000", "nonInterestIncome": "2303000000", "otherNonOperatingIncome": "None", "depreciation": "None", "depreciationAndAmortization": "163000000", "incomeBeforeTax": "558000000", "incomeTaxExpense": "-477000000", "interestAndDebtExpense": "None", "netIncomeFromContinuingOperations": "1035000000", "comprehensiveIncomeNetOfTax": "1324000000", "ebit": "547000000", "ebitda": "710000000", "netIncome": "1035000000"}, {"fiscalDateEnding": "2016-12-31", "reportedCurrency": "USD", "grossProfit": "1856000000", "totalRevenue": "2392000000", "costOfRevenue": "536000000", "costofGoodsAndServicesSold": "539000000", "operatingIncome": "638000000", "sellingGeneralAndAdministrative": "857000000", "researchAndDevelopment": "292000000", "operatingExpenses": "1540000000", "investmentIncomeNet": "None", "netInterestIncome": "None", "interestIncome": "None", "interestExpense": "39000000", "nonInterestIncome": "1343000000", "otherNonOperatingIncome": "None", "depreciation": "None", "depreciationAndAmortization": "176000000", "incomeBeforeTax": "1992000000", "incomeTaxExpense": "-3944000000", "interestAndDebtExpense": "None", "netIncomeFromContinuingOperations": "5948000000", "comprehensiveIncomeNetOfTax": "4608000000", "ebit": "638000000", "ebitda": "814000000", "netIncome": "5936000000"}]}