{"symbol": "EIX", "annualReports": [{"fiscalDateEnding": "2020-12-31", "reportedCurrency": "USD", "grossProfit": "13746000000", "totalRevenue": "13578000000", "costOfRevenue": "-168000000", "costofGoodsAndServicesSold": "8541000000", "operatingIncome": "1217000000", "sellingGeneralAndAdministrative": "29000000", "researchAndDevelopment": "None", "operatingExpenses": "-168000000", "investmentIncomeNet": "None", "netInterestIncome": "-902000000", "interestIncome": "20000000", "interestExpense": "902000000", "nonInterestIncome": "None", "otherNonOperatingIncome": "251000000", "depreciation": "None", "depreciationAndAmortization": "-197000000", "incomeBeforeTax": "434000000", "incomeTaxExpense": "-305000000", "interestAndDebtExpense": "902000000", "netIncomeFromContinuingOperations": "739000000", "comprehensiveIncomeNetOfTax": "739000000", "ebit": "1336000000", "ebitda": "1139000000", "netIncome": "739000000"}, {"fiscalDateEnding": "2019-12-31", "reportedCurrency": "USD", "grossProfit": "12240000000", "totalRevenue": "12347000000", "costOfRevenue": "107000000", "costofGoodsAndServicesSold": "7857000000", "operatingIncome": "1775000000", "sellingGeneralAndAdministrative": "29000000", "researchAndDevelopment": "None", "operatingExpenses": "107000000", "investmentIncomeNet": "None", "netInterestIncome": "-841000000", "interestIncome": "37000000", "interestExpense": "841000000", "nonInterestIncome": "None", "otherNonOperatingIncome": "193000000", "depreciation": "None", "depreciationAndAmortization": "-106000000", "incomeBeforeTax": "1006000000", "incomeTaxExpense": "-278000000", "interestAndDebtExpense": "841000000", "netIncomeFromContinuingOperations": "1284000000", "comprehensiveIncomeNetOfTax": "1275000000", "ebit": "1847000000", "ebitda": "1741000000", "netIncome": "1284000000"}, {"fiscalDateEnding": "2018-12-31", "reportedCurrency": "USD", "grossProfit": "12667000000", "totalRevenue": "12657000000", "costOfRevenue": "-10000000", "costofGoodsAndServicesSold": "8203000000", "operatingIncome": "-552000000", "sellingGeneralAndAdministrative": "21000000", "researchAndDevelopment": "None", "operatingExpenses": "-10000000", "investmentIncomeNet": "None", "netInterestIncome": "-734000000", "interestIncome": "24000000", "interestExpense": "734000000", "nonInterestIncome": "None", "otherNonOperatingIncome": "197000000", "depreciation": "None", "depreciationAndAmortization": "-109000000", "incomeBeforeTax": "-1162000000", "incomeTaxExpense": "-739000000", "interestAndDebtExpense": "734000000", "netIncomeFromContinuingOperations": "-457000000", "comprehensiveIncomeNetOfTax": "-430000000", "ebit": "-428000000", "ebitda": "-537000000", "netIncome": "-423000000"}, {"fiscalDateEnding": "2017-12-31", "reportedCurrency": "USD", "grossProfit": "6883000000", "totalRevenue": "12320000000", "costOfRevenue": "5437000000", "costofGoodsAndServicesSold": "4873000000", "operatingIncome": "1456000000", "sellingGeneralAndAdministrative": "23000000", "researchAndDevelopment": "None", "operatingExpenses": "3371000000", "investmentIncomeNet": "None", "netInterestIncome": "-639000000", "interestIncome": "7000000", "interestExpense": "639000000", "nonInterestIncome": "None", "otherNonOperatingIncome": "132000000", "depreciation": "None", "depreciationAndAmortization": "-197000000", "incomeBeforeTax": "846000000", "incomeTaxExpense": "281000000", "interestAndDebtExpense": "639000000", "netIncomeFromContinuingOperations": "565000000", "comprehensiveIncomeNetOfTax": "575000000", "ebit": "1485000000", "ebitda": "1288000000", "netIncome": "565000000"}, {"fiscalDateEnding": "2016-12-31", "reportedCurrency": "USD", "grossProfit": "7418000000", "totalRevenue": "11869000000", "costOfRevenue": "4451000000", "costofGoodsAndServicesSold": "4527000000", "operatingIncome": "2062000000", "sellingGeneralAndAdministrative": "103000000", "researchAndDevelopment": "None", "operatingExpenses": "2792000000", "investmentIncomeNet": "None", "netInterestIncome": "-581000000", "interestIncome": "3000000", "interestExpense": "581000000", "nonInterestIncome": "None", "otherNonOperatingIncome": "109000000", "depreciation": "None", "depreciationAndAmortization": "-179000000", "incomeBeforeTax": "1611000000", "incomeTaxExpense": "177000000", "interestAndDebtExpense": "581000000", "netIncomeFromContinuingOperations": "1299000000", "comprehensiveIncomeNetOfTax": "1314000000", "ebit": "2062000000", "ebitda": "2013000000", "netIncome": "1434000000"}], "quarterlyReports": [{"fiscalDateEnding": "2021-09-30", "reportedCurrency": "USD", "grossProfit": "5299000000", "totalRevenue": "5299000000", "costOfRevenue": "3310000000", "costofGoodsAndServicesSold": "3310000000", "operatingIncome": "-128000000", "sellingGeneralAndAdministrative": "1327000000", "researchAndDevelopment": "None", "operatingExpenses": "-66000000", "investmentIncomeNet": "None", "netInterestIncome": "-245000000", "interestIncome": "-252000000", "interestExpense": "245000000", "nonInterestIncome": "None", "otherNonOperatingIncome": "47000000", "depreciation": "None", "depreciationAndAmortization": "619000000", "incomeBeforeTax": "-370000000", "incomeTaxExpense": "-29000000", "interestAndDebtExpense": "245000000", "netIncomeFromContinuingOperations": "-297000000", "comprehensiveIncomeNetOfTax": "-322000000", "ebit": "-125000000", "ebitda": "538000000", "netIncome": "-341000000"}, {"fiscalDateEnding": "2021-06-30", "reportedCurrency": "USD", "grossProfit": "3315000000", "totalRevenue": "3315000000", "costOfRevenue": "2037000000", "costofGoodsAndServicesSold": "2037000000", "operatingIncome": "585000000", "sellingGeneralAndAdministrative": "54000000", "researchAndDevelopment": "None", "operatingExpenses": "-86000000", "investmentIncomeNet": "None", "netInterestIncome": "-232000000", "interestIncome": "1000000", "interestExpense": "232000000", "nonInterestIncome": "None", "otherNonOperatingIncome": "76000000", "depreciation": "None", "depreciationAndAmortization": "548000000", "incomeBeforeTax": "386000000", "incomeTaxExpense": "68000000", "interestAndDebtExpense": "232000000", "netIncomeFromContinuingOperations": "361000000", "comprehensiveIncomeNetOfTax": "337000000", "ebit": "618000000", "ebitda": "1209000000", "netIncome": "318000000"}, {"fiscalDateEnding": "2021-03-31", "reportedCurrency": "USD", "grossProfit": "2960000000", "totalRevenue": "2960000000", "costOfRevenue": "1857000000", "costofGoodsAndServicesSold": "1857000000", "operatingIncome": "399000000", "sellingGeneralAndAdministrative": "53000000", "researchAndDevelopment": "None", "operatingExpenses": "-52000000", "investmentIncomeNet": "None", "netInterestIncome": "-217000000", "interestIncome": "-217000000", "interestExpense": "217000000", "nonInterestIncome": "None", "otherNonOperatingIncome": "72000000", "depreciation": "None", "depreciationAndAmortization": "542000000", "incomeBeforeTax": "223000000", "incomeTaxExpense": "-36000000", "interestAndDebtExpense": "217000000", "netIncomeFromContinuingOperations": "290000000", "comprehensiveIncomeNetOfTax": "265000000", "ebit": "440000000", "ebitda": "1013000000", "netIncome": "259000000"}, {"fiscalDateEnding": "2020-12-31", "reportedCurrency": "USD", "grossProfit": "3157000000", "totalRevenue": "3157000000", "costOfRevenue": "1000000", "costofGoodsAndServicesSold": "1843000000", "operatingIncome": "794000000", "sellingGeneralAndAdministrative": "109000000", "researchAndDevelopment": "None", "operatingExpenses": "1000000", "investmentIncomeNet": "None", "netInterestIncome": "-226000000", "interestIncome": "2000000", "interestExpense": "226000000", "nonInterestIncome": "None", "otherNonOperatingIncome": "34000000", "depreciation": "None", "depreciationAndAmortization": "-74000000", "incomeBeforeTax": "576000000", "incomeTaxExpense": "50000000", "interestAndDebtExpense": "226000000", "netIncomeFromContinuingOperations": "420000000", "comprehensiveIncomeNetOfTax": "520000000", "ebit": "802000000", "ebitda": "728000000", "netIncome": "526000000"}, {"fiscalDateEnding": "2020-09-30", "reportedCurrency": "USD", "grossProfit": "4672000000", "totalRevenue": "4644000000", "costOfRevenue": "-28000000", "costofGoodsAndServicesSold": "3065000000", "operatingIncome": "-379000000", "sellingGeneralAndAdministrative": "1382000000", "researchAndDevelopment": "None", "operatingExpenses": "-28000000", "investmentIncomeNet": "None", "netInterestIncome": "-222000000", "interestIncome": "-220000000", "interestExpense": "222000000", "nonInterestIncome": "None", "otherNonOperatingIncome": "84000000", "depreciation": "None", "depreciationAndAmortization": "-61000000", "incomeBeforeTax": "-563000000", "incomeTaxExpense": "-275000000", "interestAndDebtExpense": "222000000", "netIncomeFromContinuingOperations": "-242000000", "comprehensiveIncomeNetOfTax": "-286000000", "ebit": "-341000000", "ebitda": "-402000000", "netIncome": "-288000000"}, {"fiscalDateEnding": "2020-06-30", "reportedCurrency": "USD", "grossProfit": "3005000000", "totalRevenue": "2987000000", "costOfRevenue": "-18000000", "costofGoodsAndServicesSold": "1830000000", "operatingIncome": "500000000", "sellingGeneralAndAdministrative": "83000000", "researchAndDevelopment": "None", "operatingExpenses": "-18000000", "investmentIncomeNet": "None", "netInterestIncome": "-229000000", "interestIncome": "-222000000", "interestExpense": "229000000", "nonInterestIncome": "None", "otherNonOperatingIncome": "81000000", "depreciation": "None", "depreciationAndAmortization": "-76000000", "incomeBeforeTax": "322000000", "incomeTaxExpense": "4000000", "interestAndDebtExpense": "229000000", "netIncomeFromContinuingOperations": "348000000", "comprehensiveIncomeNetOfTax": "320000000", "ebit": "551000000", "ebitda": "475000000", "netIncome": "318000000"}, {"fiscalDateEnding": "2020-03-31", "reportedCurrency": "USD", "grossProfit": "2776000000", "totalRevenue": "2790000000", "costOfRevenue": "14000000", "costofGoodsAndServicesSold": "1809000000", "operatingIncome": "302000000", "sellingGeneralAndAdministrative": "84000000", "researchAndDevelopment": "None", "operatingExpenses": "14000000", "investmentIncomeNet": "None", "netInterestIncome": "-225000000", "interestIncome": "9000000", "interestExpense": "225000000", "nonInterestIncome": "None", "otherNonOperatingIncome": "52000000", "depreciation": "None", "depreciationAndAmortization": "14000000", "incomeBeforeTax": "99000000", "incomeTaxExpense": "-84000000", "interestAndDebtExpense": "225000000", "netIncomeFromContinuingOperations": "213000000", "comprehensiveIncomeNetOfTax": "185000000", "ebit": "324000000", "ebitda": "338000000", "netIncome": "183000000"}, {"fiscalDateEnding": "2019-12-31", "reportedCurrency": "USD", "grossProfit": "2970000000", "totalRevenue": "2970000000", "costOfRevenue": "55000000", "costofGoodsAndServicesSold": "1691000000", "operatingIncome": "287000000", "sellingGeneralAndAdministrative": "347000000", "researchAndDevelopment": "None", "operatingExpenses": "55000000", "investmentIncomeNet": "None", "netInterestIncome": "-222000000", "interestIncome": "8000000", "interestExpense": "222000000", "nonInterestIncome": "None", "otherNonOperatingIncome": "42000000", "depreciation": "None", "depreciationAndAmortization": "8000000", "incomeBeforeTax": "77000000", "incomeTaxExpense": "-66000000", "interestAndDebtExpense": "222000000", "netIncomeFromContinuingOperations": "52000000", "comprehensiveIncomeNetOfTax": "129000000", "ebit": "299000000", "ebitda": "307000000", "netIncome": "143000000"}, {"fiscalDateEnding": "2019-09-30", "reportedCurrency": "USD", "grossProfit": "3741000000", "totalRevenue": "3741000000", "costOfRevenue": "-42000000", "costofGoodsAndServicesSold": "2549000000", "operatingIncome": "636000000", "sellingGeneralAndAdministrative": "2000000", "researchAndDevelopment": "None", "operatingExpenses": "-42000000", "investmentIncomeNet": "None", "netInterestIncome": "-214000000", "interestIncome": "13000000", "interestExpense": "214000000", "nonInterestIncome": "None", "otherNonOperatingIncome": "58000000", "depreciation": "None", "depreciationAndAmortization": "-42000000", "incomeBeforeTax": "449000000", "incomeTaxExpense": "-22000000", "interestAndDebtExpense": "214000000", "netIncomeFromContinuingOperations": "502000000", "comprehensiveIncomeNetOfTax": "473000000", "ebit": "663000000", "ebitda": "621000000", "netIncome": "471000000"}, {"fiscalDateEnding": "2019-06-30", "reportedCurrency": "USD", "grossProfit": "2642000000", "totalRevenue": "2812000000", "costOfRevenue": "170000000", "costofGoodsAndServicesSold": "1730000000", "operatingIncome": "500000000", "sellingGeneralAndAdministrative": "2000000", "researchAndDevelopment": "None", "operatingExpenses": "170000000", "investmentIncomeNet": "None", "netInterestIncome": "-211000000", "interestIncome": "7000000", "interestExpense": "211000000", "nonInterestIncome": "None", "otherNonOperatingIncome": "55000000", "depreciation": "None", "depreciationAndAmortization": "1000000", "incomeBeforeTax": "314000000", "incomeTaxExpense": "-78000000", "interestAndDebtExpense": "211000000", "netIncomeFromContinuingOperations": "392000000", "comprehensiveIncomeNetOfTax": "393000000", "ebit": "525000000", "ebitda": "526000000", "netIncome": "392000000"}, {"fiscalDateEnding": "2019-03-31", "reportedCurrency": "USD", "grossProfit": "2901000000", "totalRevenue": "2824000000", "costOfRevenue": "-77000000", "costofGoodsAndServicesSold": "1887000000", "operatingIncome": "352000000", "sellingGeneralAndAdministrative": "1000000", "researchAndDevelopment": "None", "operatingExpenses": "-77000000", "investmentIncomeNet": "None", "netInterestIncome": "-194000000", "interestIncome": "-185000000", "interestExpense": "194000000", "nonInterestIncome": "None", "otherNonOperatingIncome": "38000000", "depreciation": "None", "depreciationAndAmortization": "-73000000", "incomeBeforeTax": "166000000", "incomeTaxExpense": "-112000000", "interestAndDebtExpense": "194000000", "netIncomeFromContinuingOperations": "278000000", "comprehensiveIncomeNetOfTax": "280000000", "ebit": "360000000", "ebitda": "287000000", "netIncome": "278000000"}, {"fiscalDateEnding": "2018-12-31", "reportedCurrency": "USD", "grossProfit": "3009000000", "totalRevenue": "3009000000", "costOfRevenue": "16000000", "costofGoodsAndServicesSold": "1791000000", "operatingIncome": "-2041000000", "sellingGeneralAndAdministrative": "2669000000", "researchAndDevelopment": "None", "operatingExpenses": "16000000", "investmentIncomeNet": "None", "netInterestIncome": "-196000000", "interestIncome": "None", "interestExpense": "196000000", "nonInterestIncome": "None", "otherNonOperatingIncome": "21000000", "depreciation": "None", "depreciationAndAmortization": "-23000000", "incomeBeforeTax": "-2212000000", "incomeTaxExpense": "-782000000", "interestAndDebtExpense": "196000000", "netIncomeFromContinuingOperations": "-1464000000", "comprehensiveIncomeNetOfTax": "-1438000000", "ebit": "-2016000000", "ebitda": "-2039000000", "netIncome": "-1430000000"}, {"fiscalDateEnding": "2018-09-30", "reportedCurrency": "USD", "grossProfit": "4280000000", "totalRevenue": "4269000000", "costOfRevenue": "-11000000", "costofGoodsAndServicesSold": "2980000000", "operatingIncome": "739000000", "sellingGeneralAndAdministrative": "2000000", "researchAndDevelopment": "None", "operatingExpenses": "-11000000", "investmentIncomeNet": "None", "netInterestIncome": "-188000000", "interestIncome": "None", "interestExpense": "188000000", "nonInterestIncome": "None", "otherNonOperatingIncome": "76000000", "depreciation": "None", "depreciationAndAmortization": "-13000000", "incomeBeforeTax": "596000000", "incomeTaxExpense": "83000000", "interestAndDebtExpense": "188000000", "netIncomeFromContinuingOperations": "513000000", "comprehensiveIncomeNetOfTax": "515000000", "ebit": "784000000", "ebitda": "771000000", "netIncome": "513000000"}, {"fiscalDateEnding": "2018-06-30", "reportedCurrency": "USD", "grossProfit": "2815000000", "totalRevenue": "2815000000", "costOfRevenue": "5000000", "costofGoodsAndServicesSold": "1831000000", "operatingIncome": "420000000", "sellingGeneralAndAdministrative": "1000000", "researchAndDevelopment": "None", "operatingExpenses": "5000000", "investmentIncomeNet": "None", "netInterestIncome": "-180000000", "interestIncome": "None", "interestExpense": "180000000", "nonInterestIncome": "None", "otherNonOperatingIncome": "49000000", "depreciation": "None", "depreciationAndAmortization": "-49000000", "incomeBeforeTax": "267000000", "incomeTaxExpense": "-9000000", "interestAndDebtExpense": "180000000", "netIncomeFromContinuingOperations": "276000000", "comprehensiveIncomeNetOfTax": "278000000", "ebit": "447000000", "ebitda": "398000000", "netIncome": "276000000"}, {"fiscalDateEnding": "2018-03-31", "reportedCurrency": "USD", "grossProfit": "1596000000", "totalRevenue": "2564000000", "costOfRevenue": "968000000", "costofGoodsAndServicesSold": "926000000", "operatingIncome": "330000000", "sellingGeneralAndAdministrative": "675000000", "researchAndDevelopment": "None", "operatingExpenses": "717000000", "investmentIncomeNet": "None", "netInterestIncome": "-170000000", "interestIncome": "None", "interestExpense": "170000000", "nonInterestIncome": "None", "otherNonOperatingIncome": "51000000", "depreciation": "None", "depreciationAndAmortization": "-24000000", "incomeBeforeTax": "187000000", "incomeTaxExpense": "-31000000", "interestAndDebtExpense": "170000000", "netIncomeFromContinuingOperations": "218000000", "comprehensiveIncomeNetOfTax": "215000000", "ebit": "357000000", "ebitda": "333000000", "netIncome": "218000000"}, {"fiscalDateEnding": "2017-12-31", "reportedCurrency": "USD", "grossProfit": "3220000000", "totalRevenue": "3220000000", "costOfRevenue": "1790000000", "costofGoodsAndServicesSold": "1131000000", "operatingIncome": "-38000000", "sellingGeneralAndAdministrative": "791000000", "researchAndDevelopment": "None", "operatingExpenses": "1450000000", "investmentIncomeNet": "None", "netInterestIncome": "-166000000", "interestIncome": "None", "interestExpense": "166000000", "nonInterestIncome": "None", "otherNonOperatingIncome": "34000000", "depreciation": "None", "depreciationAndAmortization": "-80000000", "incomeBeforeTax": "-181000000", "incomeTaxExpense": "364000000", "interestAndDebtExpense": "166000000", "netIncomeFromContinuingOperations": "-545000000", "comprehensiveIncomeNetOfTax": "-540000000", "ebit": "-15000000", "ebitda": "-95000000", "netIncome": "-545000000"}, {"fiscalDateEnding": "2017-09-30", "reportedCurrency": "USD", "grossProfit": "1889000000", "totalRevenue": "3672000000", "costOfRevenue": "1783000000", "costofGoodsAndServicesSold": "1783000000", "operatingIncome": "553000000", "sellingGeneralAndAdministrative": "12000000", "researchAndDevelopment": "None", "operatingExpenses": "713000000", "investmentIncomeNet": "None", "netInterestIncome": "-162000000", "interestIncome": "None", "interestExpense": "162000000", "nonInterestIncome": "None", "otherNonOperatingIncome": "41000000", "depreciation": "None", "depreciationAndAmortization": "-44000000", "incomeBeforeTax": "401000000", "incomeTaxExpense": "-69000000", "interestAndDebtExpense": "162000000", "netIncomeFromContinuingOperations": "470000000", "comprehensiveIncomeNetOfTax": "470000000", "ebit": "563000000", "ebitda": "519000000", "netIncome": "470000000"}, {"fiscalDateEnding": "2017-06-30", "reportedCurrency": "USD", "grossProfit": "1773500000", "totalRevenue": "2965000000", "costOfRevenue": "1191500000", "costofGoodsAndServicesSold": "1175000000", "operatingIncome": "470000000", "sellingGeneralAndAdministrative": "707000000", "researchAndDevelopment": "None", "operatingExpenses": "723500000", "investmentIncomeNet": "None", "netInterestIncome": "-159000000", "interestIncome": "None", "interestExpense": "159000000", "nonInterestIncome": "None", "otherNonOperatingIncome": "24000000", "depreciation": "None", "depreciationAndAmortization": "-74000000", "incomeBeforeTax": "304000000", "incomeTaxExpense": "26000000", "interestAndDebtExpense": "159000000", "netIncomeFromContinuingOperations": "278000000", "comprehensiveIncomeNetOfTax": "279000000", "ebit": "463000000", "ebitda": "389000000", "netIncome": "278000000"}, {"fiscalDateEnding": "2017-03-31", "reportedCurrency": "USD", "grossProfit": "1673000000", "totalRevenue": "2463000000", "costOfRevenue": "790000000", "costofGoodsAndServicesSold": "784000000", "operatingIncome": "471000000", "sellingGeneralAndAdministrative": "596000000", "researchAndDevelopment": "None", "operatingExpenses": "602000000", "investmentIncomeNet": "None", "netInterestIncome": "-152000000", "interestIncome": "None", "interestExpense": "152000000", "nonInterestIncome": "None", "otherNonOperatingIncome": "33000000", "depreciation": "None", "depreciationAndAmortization": "1000000", "incomeBeforeTax": "322000000", "incomeTaxExpense": "-40000000", "interestAndDebtExpense": "152000000", "netIncomeFromContinuingOperations": "362000000", "comprehensiveIncomeNetOfTax": "366000000", "ebit": "474000000", "ebitda": "475000000", "netIncome": "362000000"}, {"fiscalDateEnding": "2016-12-31", "reportedCurrency": "USD", "grossProfit": "2884000000", "totalRevenue": "2884000000", "costOfRevenue": "1034000000", "costofGoodsAndServicesSold": "951000000", "operatingIncome": "566000000", "sellingGeneralAndAdministrative": "778000000", "researchAndDevelopment": "None", "operatingExpenses": "861000000", "investmentIncomeNet": "None", "netInterestIncome": "-150000000", "interestIncome": "None", "interestExpense": "150000000", "nonInterestIncome": "None", "otherNonOperatingIncome": "41000000", "depreciation": "None", "depreciationAndAmortization": "-20000000", "incomeBeforeTax": "441000000", "incomeTaxExpense": "81000000", "interestAndDebtExpense": "150000000", "netIncomeFromContinuingOperations": "316000000", "comprehensiveIncomeNetOfTax": "327000000", "ebit": "566000000", "ebitda": "571000000", "netIncome": "360000000"}]}