{"symbol": "FFIV", "annualReports": [{"fiscalDateEnding": "2021-09-30", "reportedCurrency": "USD", "grossProfit": "2110270000", "totalRevenue": "2616416000", "costOfRevenue": "1786162000", "costofGoodsAndServicesSold": "493146000", "operatingIncome": "394025000", "sellingGeneralAndAdministrative": "1203618000", "researchAndDevelopment": "512627000", "operatingExpenses": "1716245000", "investmentIncomeNet": "2500000", "netInterestIncome": "None", "interestIncome": "None", "interestExpense": "None", "nonInterestIncome": "2603416000", "otherNonOperatingIncome": "-7088000", "depreciation": "None", "depreciationAndAmortization": "48700000", "incomeBeforeTax": "386937000", "incomeTaxExpense": "55696000", "interestAndDebtExpense": "None", "netIncomeFromContinuingOperations": "331241000", "comprehensiveIncomeNetOfTax": "329884000", "ebit": "394025000", "ebitda": "442725000", "netIncome": "331241000"}, {"fiscalDateEnding": "2020-09-30", "reportedCurrency": "USD", "grossProfit": "1942935000", "totalRevenue": "2361022000", "costOfRevenue": "1561504000", "costofGoodsAndServicesSold": "407887000", "operatingIncome": "392267000", "sellingGeneralAndAdministrative": "1101544000", "researchAndDevelopment": "441324000", "operatingExpenses": "1550668000", "investmentIncomeNet": "12200000", "netInterestIncome": "None", "interestIncome": "None", "interestExpense": "None", "nonInterestIncome": "2350822000", "otherNonOperatingIncome": "4130000", "depreciation": "None", "depreciationAndAmortization": "34600000", "incomeBeforeTax": "396397000", "incomeTaxExpense": "88956000", "interestAndDebtExpense": "None", "netIncomeFromContinuingOperations": "307441000", "comprehensiveIncomeNetOfTax": "307915000", "ebit": "392267000", "ebitda": "426867000", "netIncome": "307441000"}, {"fiscalDateEnding": "2019-09-30", "reportedCurrency": "USD", "grossProfit": "1885870000", "totalRevenue": "2242447000", "costOfRevenue": "1327726000", "costofGoodsAndServicesSold": "356577000", "operatingIncome": "518463000", "sellingGeneralAndAdministrative": "959349000", "researchAndDevelopment": "408058000", "operatingExpenses": "1367407000", "investmentIncomeNet": "25300000", "netInterestIncome": "None", "interestIncome": "33800000", "interestExpense": "None", "nonInterestIncome": "2242447000", "otherNonOperatingIncome": "22648000", "depreciation": "None", "depreciationAndAmortization": "11800000", "incomeBeforeTax": "541111000", "incomeTaxExpense": "113377000", "interestAndDebtExpense": "None", "netIncomeFromContinuingOperations": "427734000", "comprehensiveIncomeNetOfTax": "430722000", "ebit": "518463000", "ebitda": "530263000", "netIncome": "427734000"}, {"fiscalDateEnding": "2018-09-30", "reportedCurrency": "USD", "grossProfit": "1799926000", "totalRevenue": "2161407000", "costOfRevenue": "1215524000", "costofGoodsAndServicesSold": "361481000", "operatingIncome": "590899000", "sellingGeneralAndAdministrative": "824517000", "researchAndDevelopment": "366084000", "operatingExpenses": "1209027000", "investmentIncomeNet": "17000000", "netInterestIncome": "None", "interestIncome": "17007500", "interestExpense": "None", "nonInterestIncome": "2161407000", "otherNonOperatingIncome": "12861000", "depreciation": "45900000", "depreciationAndAmortization": "11100000", "incomeBeforeTax": "603760000", "incomeTaxExpense": "150071000", "interestAndDebtExpense": "None", "netIncomeFromContinuingOperations": "453689000", "comprehensiveIncomeNetOfTax": "449508000", "ebit": "590899000", "ebitda": "601999000", "netIncome": "453689000"}, {"fiscalDateEnding": "2017-09-30", "reportedCurrency": "USD", "grossProfit": "1736556000", "totalRevenue": "2090041000", "costOfRevenue": "1187629000", "costofGoodsAndServicesSold": "353485000", "operatingIncome": "563956000", "sellingGeneralAndAdministrative": "809126000", "researchAndDevelopment": "350365000", "operatingExpenses": "1172600000", "investmentIncomeNet": "8500000", "netInterestIncome": "None", "interestIncome": "15500000", "interestExpense": "None", "nonInterestIncome": "2090041000", "otherNonOperatingIncome": "11561000", "depreciation": "44600000", "depreciationAndAmortization": "12300000", "incomeBeforeTax": "575517000", "incomeTaxExpense": "154756000", "interestAndDebtExpense": "None", "netIncomeFromContinuingOperations": "420761000", "comprehensiveIncomeNetOfTax": "415958000", "ebit": "563956000", "ebitda": "576256000", "netIncome": "420761000"}], "quarterlyReports": [{"fiscalDateEnding": "2021-09-30", "reportedCurrency": "USD", "grossProfit": "553319000", "totalRevenue": "688297000", "costOfRevenue": "479633000", "costofGoodsAndServicesSold": "128678000", "operatingIncome": "126364000", "sellingGeneralAndAdministrative": "302255000", "researchAndDevelopment": "124700000", "operatingExpenses": "426955000", "investmentIncomeNet": "400000", "netInterestIncome": "None", "interestIncome": "None", "interestExpense": "None", "nonInterestIncome": "681997000", "otherNonOperatingIncome": "-2865000", "depreciation": "None", "depreciationAndAmortization": "30439000", "incomeBeforeTax": "123499000", "incomeTaxExpense": "12781000", "interestAndDebtExpense": "None", "netIncomeFromContinuingOperations": "110718000", "comprehensiveIncomeNetOfTax": "109580000", "ebit": "126364000", "ebitda": "153938000", "netIncome": "110718000"}, {"fiscalDateEnding": "2021-06-30", "reportedCurrency": "USD", "grossProfit": "530611000", "totalRevenue": "651515000", "costOfRevenue": "421820000", "costofGoodsAndServicesSold": "120904000", "operatingIncome": "96412000", "sellingGeneralAndAdministrative": "300916000", "researchAndDevelopment": "133283000", "operatingExpenses": "434199000", "investmentIncomeNet": "300000", "netInterestIncome": "None", "interestIncome": "None", "interestExpense": "None", "nonInterestIncome": "651515000", "otherNonOperatingIncome": "-2163000", "depreciation": "None", "depreciationAndAmortization": "28800000", "incomeBeforeTax": "94249000", "incomeTaxExpense": "4645000", "interestAndDebtExpense": "None", "netIncomeFromContinuingOperations": "89604000", "comprehensiveIncomeNetOfTax": "89863000", "ebit": "96412000", "ebitda": "123049000", "netIncome": "89604000"}, {"fiscalDateEnding": "2021-03-31", "reportedCurrency": "USD", "grossProfit": "516702000", "totalRevenue": "645287000", "costOfRevenue": "485158000", "costofGoodsAndServicesSold": "128585000", "operatingIncome": "53501000", "sellingGeneralAndAdministrative": "322748000", "researchAndDevelopment": "140453000", "operatingExpenses": "463201000", "investmentIncomeNet": "700000", "netInterestIncome": "None", "interestIncome": "None", "interestExpense": "None", "nonInterestIncome": "645287000", "otherNonOperatingIncome": "-1377000", "depreciation": "None", "depreciationAndAmortization": "28525000", "incomeBeforeTax": "52124000", "incomeTaxExpense": "8883000", "interestAndDebtExpense": "None", "netIncomeFromContinuingOperations": "43241000", "comprehensiveIncomeNetOfTax": "41902000", "ebit": "53501000", "ebitda": "80649000", "netIncome": "43241000"}, {"fiscalDateEnding": "2020-12-31", "reportedCurrency": "USD", "grossProfit": "509638000", "totalRevenue": "633717000", "costOfRevenue": "399551000", "costofGoodsAndServicesSold": "114979000", "operatingIncome": "117748000", "sellingGeneralAndAdministrative": "277699000", "researchAndDevelopment": "114191000", "operatingExpenses": "391890000", "investmentIncomeNet": "1100000", "netInterestIncome": "None", "interestIncome": "None", "interestExpense": "None", "nonInterestIncome": "624617000", "otherNonOperatingIncome": "-683000", "depreciation": "None", "depreciationAndAmortization": "27660000", "incomeBeforeTax": "117065000", "incomeTaxExpense": "29387000", "interestAndDebtExpense": "None", "netIncomeFromContinuingOperations": "87678000", "comprehensiveIncomeNetOfTax": "88539000", "ebit": "117748000", "ebitda": "144725000", "netIncome": "87678000"}, {"fiscalDateEnding": "2020-09-30", "reportedCurrency": "USD", "grossProfit": "502849000", "totalRevenue": "614816000", "costOfRevenue": "395903000", "costofGoodsAndServicesSold": "111967000", "operatingIncome": "98613000", "sellingGeneralAndAdministrative": "283936000", "researchAndDevelopment": "120300000", "operatingExpenses": "404236000", "investmentIncomeNet": "1100000", "netInterestIncome": "None", "interestIncome": "None", "interestExpense": "None", "nonInterestIncome": "614816000", "otherNonOperatingIncome": "-1090000", "depreciation": "None", "depreciationAndAmortization": "26520000", "incomeBeforeTax": "97523000", "incomeTaxExpense": "19860000", "interestAndDebtExpense": "None", "netIncomeFromContinuingOperations": "77663000", "comprehensiveIncomeNetOfTax": "77663000", "ebit": "98613000", "ebitda": "124043000", "netIncome": "77663000"}, {"fiscalDateEnding": "2020-06-30", "reportedCurrency": "USD", "grossProfit": "477212000", "totalRevenue": "583252000", "costOfRevenue": "379640000", "costofGoodsAndServicesSold": "106040000", "operatingIncome": "87621000", "sellingGeneralAndAdministrative": "273600000", "researchAndDevelopment": "115991000", "operatingExpenses": "389591000", "investmentIncomeNet": "2200000", "netInterestIncome": "None", "interestIncome": "None", "interestExpense": "None", "nonInterestIncome": "583252000", "otherNonOperatingIncome": "141000", "depreciation": "None", "depreciationAndAmortization": "26225000", "incomeBeforeTax": "87762000", "incomeTaxExpense": "17890000", "interestAndDebtExpense": "None", "netIncomeFromContinuingOperations": "69872000", "comprehensiveIncomeNetOfTax": "74280000", "ebit": "87621000", "ebitda": "113987000", "netIncome": "69872000"}, {"fiscalDateEnding": "2020-03-31", "reportedCurrency": "USD", "grossProfit": "482211000", "totalRevenue": "583449000", "costOfRevenue": "390723000", "costofGoodsAndServicesSold": "101238000", "operatingIncome": "83698000", "sellingGeneralAndAdministrative": "289485000", "researchAndDevelopment": "109028000", "operatingExpenses": "398513000", "investmentIncomeNet": "3300000", "netInterestIncome": "None", "interestIncome": "None", "interestExpense": "None", "nonInterestIncome": "583449000", "otherNonOperatingIncome": "-141000", "depreciation": "None", "depreciationAndAmortization": "24133000", "incomeBeforeTax": "83557000", "incomeTaxExpense": "22178000", "interestAndDebtExpense": "None", "netIncomeFromContinuingOperations": "61379000", "comprehensiveIncomeNetOfTax": "56852000", "ebit": "83698000", "ebitda": "107690000", "netIncome": "61379000"}, {"fiscalDateEnding": "2019-12-31", "reportedCurrency": "USD", "grossProfit": "480663000", "totalRevenue": "574905000", "costOfRevenue": "350965000", "costofGoodsAndServicesSold": "88642000", "operatingIncome": "122335000", "sellingGeneralAndAdministrative": "254523000", "researchAndDevelopment": "96005000", "operatingExpenses": "358328000", "investmentIncomeNet": "5600000", "netInterestIncome": "None", "interestIncome": "None", "interestExpense": "None", "nonInterestIncome": "569305000", "otherNonOperatingIncome": "5220000", "depreciation": "None", "depreciationAndAmortization": "18979000", "incomeBeforeTax": "127555000", "incomeTaxExpense": "29028000", "interestAndDebtExpense": "None", "netIncomeFromContinuingOperations": "98527000", "comprehensiveIncomeNetOfTax": "99341000", "ebit": "122335000", "ebitda": "146534000", "netIncome": "98527000"}, {"fiscalDateEnding": "2019-09-30", "reportedCurrency": "USD", "grossProfit": "499470000", "totalRevenue": "590388000", "costOfRevenue": "372862000", "costofGoodsAndServicesSold": "90918000", "operatingIncome": "114714000", "sellingGeneralAndAdministrative": "281944000", "researchAndDevelopment": "102812000", "operatingExpenses": "384756000", "investmentIncomeNet": "5100000", "netInterestIncome": "None", "interestIncome": "None", "interestExpense": "None", "nonInterestIncome": "590388000", "otherNonOperatingIncome": "3397000", "depreciation": "None", "depreciationAndAmortization": "21862000", "incomeBeforeTax": "118111000", "incomeTaxExpense": "23274000", "interestAndDebtExpense": "None", "netIncomeFromContinuingOperations": "94837000", "comprehensiveIncomeNetOfTax": "94837000", "ebit": "114714000", "ebitda": "139973000", "netIncome": "94837000"}, {"fiscalDateEnding": "2019-06-30", "reportedCurrency": "USD", "grossProfit": "472627000", "totalRevenue": "563394000", "costOfRevenue": "343760000", "costofGoodsAndServicesSold": "90767000", "operatingIncome": "102740000", "sellingGeneralAndAdministrative": "252993000", "researchAndDevelopment": "116894000", "operatingExpenses": "369887000", "investmentIncomeNet": "5800000", "netInterestIncome": "None", "interestIncome": "None", "interestExpense": "None", "nonInterestIncome": "563394000", "otherNonOperatingIncome": "4722000", "depreciation": "None", "depreciationAndAmortization": "18399000", "incomeBeforeTax": "107462000", "incomeTaxExpense": "21557000", "interestAndDebtExpense": "None", "netIncomeFromContinuingOperations": "85905000", "comprehensiveIncomeNetOfTax": "87053000", "ebit": "102740000", "ebitda": "125861000", "netIncome": "85905000"}, {"fiscalDateEnding": "2019-03-31", "reportedCurrency": "USD", "grossProfit": "456717000", "totalRevenue": "544895000", "costOfRevenue": "305788000", "costofGoodsAndServicesSold": "88178000", "operatingIncome": "142793000", "sellingGeneralAndAdministrative": "217610000", "researchAndDevelopment": "96314000", "operatingExpenses": "313924000", "investmentIncomeNet": "7500000", "netInterestIncome": "None", "interestIncome": "None", "interestExpense": "None", "nonInterestIncome": "544895000", "otherNonOperatingIncome": "7434000", "depreciation": "None", "depreciationAndAmortization": "14245000", "incomeBeforeTax": "150227000", "incomeTaxExpense": "34140000", "interestAndDebtExpense": "None", "netIncomeFromContinuingOperations": "116087000", "comprehensiveIncomeNetOfTax": "118739000", "ebit": "142793000", "ebitda": "164472000", "netIncome": "116087000"}, {"fiscalDateEnding": "2018-12-31", "reportedCurrency": "USD", "grossProfit": "457056000", "totalRevenue": "543770000", "costOfRevenue": "293516000", "costofGoodsAndServicesSold": "86714000", "operatingIncome": "158216000", "sellingGeneralAndAdministrative": "206802000", "researchAndDevelopment": "92038000", "operatingExpenses": "298840000", "investmentIncomeNet": "7000000", "netInterestIncome": "None", "interestIncome": "None", "interestExpense": "None", "nonInterestIncome": "543770000", "otherNonOperatingIncome": "7095000", "depreciation": "None", "depreciationAndAmortization": "14001000", "incomeBeforeTax": "165311000", "incomeTaxExpense": "34406000", "interestAndDebtExpense": "None", "netIncomeFromContinuingOperations": "130905000", "comprehensiveIncomeNetOfTax": "131090000", "ebit": "158216000", "ebitda": "179312000", "netIncome": "130905000"}, {"fiscalDateEnding": "2018-09-30", "reportedCurrency": "USD", "grossProfit": "469269000", "totalRevenue": "562709000", "costOfRevenue": "314039000", "costofGoodsAndServicesSold": "93440000", "operatingIncome": "153592000", "sellingGeneralAndAdministrative": "202173000", "researchAndDevelopment": "95078000", "operatingExpenses": "315677000", "investmentIncomeNet": "None", "netInterestIncome": "None", "interestIncome": "None", "interestExpense": "None", "nonInterestIncome": "562709000", "otherNonOperatingIncome": "5667000", "depreciation": "None", "depreciationAndAmortization": "15410000", "incomeBeforeTax": "159259000", "incomeTaxExpense": "26378000", "interestAndDebtExpense": "None", "netIncomeFromContinuingOperations": "132881000", "comprehensiveIncomeNetOfTax": "132881000", "ebit": "153592000", "ebitda": "174669000", "netIncome": "132881000"}, {"fiscalDateEnding": "2018-06-30", "reportedCurrency": "USD", "grossProfit": "451194000", "totalRevenue": "542203000", "costOfRevenue": "296189000", "costofGoodsAndServicesSold": "91009000", "operatingIncome": "151953000", "sellingGeneralAndAdministrative": "205180000", "researchAndDevelopment": "94061000", "operatingExpenses": "299241000", "investmentIncomeNet": "None", "netInterestIncome": "None", "interestIncome": "None", "interestExpense": "None", "nonInterestIncome": "542203000", "otherNonOperatingIncome": "2259000", "depreciation": "None", "depreciationAndAmortization": "14032000", "incomeBeforeTax": "154212000", "incomeTaxExpense": "31469000", "interestAndDebtExpense": "None", "netIncomeFromContinuingOperations": "122743000", "comprehensiveIncomeNetOfTax": "121739000", "ebit": "151953000", "ebitda": "168244000", "netIncome": "122743000"}, {"fiscalDateEnding": "2018-03-31", "reportedCurrency": "USD", "grossProfit": "443659000", "totalRevenue": "533304000", "costOfRevenue": "298891000", "costofGoodsAndServicesSold": "89645000", "operatingIncome": "143357000", "sellingGeneralAndAdministrative": "209246000", "researchAndDevelopment": "91056000", "operatingExpenses": "300302000", "investmentIncomeNet": "None", "netInterestIncome": "None", "interestIncome": "None", "interestExpense": "None", "nonInterestIncome": "533304000", "otherNonOperatingIncome": "2790000", "depreciation": "None", "depreciationAndAmortization": "14869000", "incomeBeforeTax": "146147000", "incomeTaxExpense": "36511000", "interestAndDebtExpense": "None", "netIncomeFromContinuingOperations": "109636000", "comprehensiveIncomeNetOfTax": "108134000", "ebit": "143357000", "ebitda": "161016000", "netIncome": "109636000"}, {"fiscalDateEnding": "2017-12-31", "reportedCurrency": "USD", "grossProfit": "435804000", "totalRevenue": "523191000", "costOfRevenue": "295305000", "costofGoodsAndServicesSold": "87387000", "operatingIncome": "141997000", "sellingGeneralAndAdministrative": "207918000", "researchAndDevelopment": "85889000", "operatingExpenses": "293807000", "investmentIncomeNet": "None", "netInterestIncome": "None", "interestIncome": "None", "interestExpense": "None", "nonInterestIncome": "523191000", "otherNonOperatingIncome": "2145000", "depreciation": "None", "depreciationAndAmortization": "15180000", "incomeBeforeTax": "144142000", "incomeTaxExpense": "55713000", "interestAndDebtExpense": "None", "netIncomeFromContinuingOperations": "88429000", "comprehensiveIncomeNetOfTax": "86949000", "ebit": "141997000", "ebitda": "159322000", "netIncome": "88429000"}, {"fiscalDateEnding": "2017-09-30", "reportedCurrency": "USD", "grossProfit": "447457000", "totalRevenue": "537998000", "costOfRevenue": "303159000", "costofGoodsAndServicesSold": "90541000", "operatingIncome": "148835000", "sellingGeneralAndAdministrative": "199900000", "researchAndDevelopment": "85479000", "operatingExpenses": "298622000", "investmentIncomeNet": "None", "netInterestIncome": "None", "interestIncome": "None", "interestExpense": "None", "nonInterestIncome": "None", "otherNonOperatingIncome": "5027000", "depreciation": "None", "depreciationAndAmortization": "15545000", "incomeBeforeTax": "153862000", "incomeTaxExpense": "18119000", "interestAndDebtExpense": "None", "netIncomeFromContinuingOperations": "135743000", "comprehensiveIncomeNetOfTax": "135743000", "ebit": "148835000", "ebitda": "169407000", "netIncome": "135743000"}, {"fiscalDateEnding": "2017-06-30", "reportedCurrency": "USD", "grossProfit": "428067000", "totalRevenue": "517837000", "costOfRevenue": "290090000", "costofGoodsAndServicesSold": "89770000", "operatingIncome": "139144000", "sellingGeneralAndAdministrative": "200320000", "researchAndDevelopment": "88602000", "operatingExpenses": "288923000", "investmentIncomeNet": "None", "netInterestIncome": "None", "interestIncome": "None", "interestExpense": "None", "nonInterestIncome": "None", "otherNonOperatingIncome": "2589000", "depreciation": "None", "depreciationAndAmortization": "15325000", "incomeBeforeTax": "141733000", "incomeTaxExpense": "44071000", "interestAndDebtExpense": "None", "netIncomeFromContinuingOperations": "97662000", "comprehensiveIncomeNetOfTax": "97674000", "ebit": "139144000", "ebitda": "157058000", "netIncome": "97662000"}, {"fiscalDateEnding": "2017-03-31", "reportedCurrency": "USD", "grossProfit": "430336000", "totalRevenue": "518248000", "costOfRevenue": "290626000", "costofGoodsAndServicesSold": "87912000", "operatingIncome": "138523000", "sellingGeneralAndAdministrative": "202714000", "researchAndDevelopment": "89234000", "operatingExpenses": "291813000", "investmentIncomeNet": "None", "netInterestIncome": "None", "interestIncome": "None", "interestExpense": "None", "nonInterestIncome": "None", "otherNonOperatingIncome": "1302000", "depreciation": "None", "depreciationAndAmortization": "15391000", "incomeBeforeTax": "139825000", "incomeTaxExpense": "46687000", "interestAndDebtExpense": "None", "netIncomeFromContinuingOperations": "93138000", "comprehensiveIncomeNetOfTax": "93717000", "ebit": "138523000", "ebitda": "155216000", "netIncome": "93138000"}, {"fiscalDateEnding": "2016-12-31", "reportedCurrency": "USD", "grossProfit": "430696000", "totalRevenue": "515958000", "costOfRevenue": "291454000", "costofGoodsAndServicesSold": "85262000", "operatingIncome": "137454000", "sellingGeneralAndAdministrative": "206192000", "researchAndDevelopment": "87050000", "operatingExpenses": "293242000", "investmentIncomeNet": "None", "netInterestIncome": "None", "interestIncome": "None", "interestExpense": "None", "nonInterestIncome": "None", "otherNonOperatingIncome": "2643000", "depreciation": "None", "depreciationAndAmortization": "14887000", "incomeBeforeTax": "140097000", "incomeTaxExpense": "45879000", "interestAndDebtExpense": "None", "netIncomeFromContinuingOperations": "94218000", "comprehensiveIncomeNetOfTax": "91364000", "ebit": "137454000", "ebitda": "154984000", "netIncome": "94218000"}]}