{"symbol": "FRC", "annualReports": [{"fiscalDateEnding": "2019-12-31", "reportedCurrency": "USD", "grossProfit": "3341387000", "totalRevenue": "3341387000", "costOfRevenue": "None", "costofGoodsAndServicesSold": "None", "operatingIncome": "3217100000", "sellingGeneralAndAdministrative": "1637535000", "researchAndDevelopment": "None", "operatingExpenses": "124287000", "investmentIncomeNet": "None", "netInterestIncome": "2764167000", "interestIncome": "3579479000", "interestExpense": "815312000", "nonInterestIncome": "577220000", "otherNonOperatingIncome": "None", "depreciation": "None", "depreciationAndAmortization": "124287000", "incomeBeforeTax": "1133236000", "incomeTaxExpense": "202907000", "interestAndDebtExpense": "815312000", "netIncomeFromContinuingOperations": "3014193000", "comprehensiveIncomeNetOfTax": "954843000", "ebit": "3217100000", "ebitda": "3341387000", "netIncome": "930329000"}, {"fiscalDateEnding": "2018-12-31", "reportedCurrency": "USD", "grossProfit": "3044553000", "totalRevenue": "3044553000", "costOfRevenue": "606590000", "costofGoodsAndServicesSold": "606590000", "operatingIncome": "2946975000", "sellingGeneralAndAdministrative": "1468464000", "researchAndDevelopment": "None", "operatingExpenses": "97578000", "investmentIncomeNet": "None", "netInterestIncome": "2501108000", "interestIncome": "3031606000", "interestExpense": "530498000", "nonInterestIncome": "543445000", "otherNonOperatingIncome": "None", "depreciation": "None", "depreciationAndAmortization": "97578000", "incomeBeforeTax": "1051742000", "incomeTaxExpense": "197914000", "interestAndDebtExpense": "530498000", "netIncomeFromContinuingOperations": "2749061000", "comprehensiveIncomeNetOfTax": "839467000", "ebit": "2946975000", "ebitda": "3044553000", "netIncome": "853828000"}, {"fiscalDateEnding": "2017-12-31", "reportedCurrency": "USD", "grossProfit": "2611924000", "totalRevenue": "2611924000", "costOfRevenue": "360336000", "costofGoodsAndServicesSold": "360336000", "operatingIncome": "2536239000", "sellingGeneralAndAdministrative": "1247261000", "researchAndDevelopment": "None", "operatingExpenses": "75685000", "investmentIncomeNet": "None", "netInterestIncome": "2142375000", "interestIncome": "2442530000", "interestExpense": "300155000", "nonInterestIncome": "460461000", "otherNonOperatingIncome": "None", "depreciation": "None", "depreciationAndAmortization": "75685000", "incomeBeforeTax": "912202000", "incomeTaxExpense": "154542000", "interestAndDebtExpense": "300155000", "netIncomeFromContinuingOperations": "2381697000", "comprehensiveIncomeNetOfTax": "747481000", "ebit": "2536239000", "ebitda": "2611924000", "netIncome": "757660000"}], "quarterlyReports": [{"fiscalDateEnding": "2020-09-30", "reportedCurrency": "USD", "grossProfit": "1001263000", "totalRevenue": "1001263000", "costOfRevenue": "None", "costofGoodsAndServicesSold": "None", "operatingIncome": "1077739000", "sellingGeneralAndAdministrative": "471048000", "researchAndDevelopment": "None", "operatingExpenses": "-36262000", "investmentIncomeNet": "None", "netInterestIncome": "830280000", "interestIncome": "961976000", "interestExpense": "131696000", "nonInterestIncome": "170983000", "otherNonOperatingIncome": "None", "depreciation": "None", "depreciationAndAmortization": "-36262000", "incomeBeforeTax": "364515000", "incomeTaxExpense": "71378000", "interestAndDebtExpense": "131696000", "netIncomeFromContinuingOperations": "1006361000", "comprehensiveIncomeNetOfTax": "290105000", "ebit": "1077739000", "ebitda": "1041477000", "netIncome": "293137000"}, {"fiscalDateEnding": "2020-06-30", "reportedCurrency": "USD", "grossProfit": "918981000", "totalRevenue": "918981000", "costOfRevenue": "None", "costofGoodsAndServicesSold": "None", "operatingIncome": "918981000", "sellingGeneralAndAdministrative": "441172000", "researchAndDevelopment": "None", "operatingExpenses": "76476000", "investmentIncomeNet": "None", "netInterestIncome": "787412000", "interestIncome": "943424000", "interestExpense": "156012000", "nonInterestIncome": "131569000", "otherNonOperatingIncome": "None", "depreciation": "None", "depreciationAndAmortization": "76476000", "incomeBeforeTax": "318406000", "incomeTaxExpense": "61638000", "interestAndDebtExpense": "156012000", "netIncomeFromContinuingOperations": "857343000", "comprehensiveIncomeNetOfTax": "266647000", "ebit": "918981000", "ebitda": "995457000", "netIncome": "256768000"}, {"fiscalDateEnding": "2020-03-31", "reportedCurrency": "USD", "grossProfit": "916176000", "totalRevenue": "916176000", "costOfRevenue": "None", "costofGoodsAndServicesSold": "None", "operatingIncome": "879023000", "sellingGeneralAndAdministrative": "458409000", "researchAndDevelopment": "None", "operatingExpenses": "37153000", "investmentIncomeNet": "None", "netInterestIncome": "752132000", "interestIncome": "956121000", "interestExpense": "203989000", "nonInterestIncome": "164044000", "otherNonOperatingIncome": "None", "depreciation": "None", "depreciationAndAmortization": "37153000", "incomeBeforeTax": "271789000", "incomeTaxExpense": "53103000", "interestAndDebtExpense": "203989000", "netIncomeFromContinuingOperations": "825920000", "comprehensiveIncomeNetOfTax": "230867000", "ebit": "879023000", "ebitda": "916176000", "netIncome": "218686000"}, {"fiscalDateEnding": "2019-12-31", "reportedCurrency": "USD", "grossProfit": "877463000", "totalRevenue": "877463000", "costOfRevenue": "None", "costofGoodsAndServicesSold": "None", "operatingIncome": "753176000", "sellingGeneralAndAdministrative": "423812000", "researchAndDevelopment": "None", "operatingExpenses": "36693000", "investmentIncomeNet": "None", "netInterestIncome": "720118000", "interestIncome": "936954000", "interestExpense": "216836000", "nonInterestIncome": "157345000", "otherNonOperatingIncome": "None", "depreciation": "None", "depreciationAndAmortization": "36693000", "incomeBeforeTax": "309039000", "incomeTaxExpense": "62709000", "interestAndDebtExpense": "216836000", "netIncomeFromContinuingOperations": "690467000", "comprehensiveIncomeNetOfTax": "241631000", "ebit": "753176000", "ebitda": "789869000", "netIncome": "246330000"}, {"fiscalDateEnding": "2019-09-30", "reportedCurrency": "USD", "grossProfit": "837192000", "totalRevenue": "837192000", "costOfRevenue": "None", "costofGoodsAndServicesSold": "None", "operatingIncome": "892118000", "sellingGeneralAndAdministrative": "405596000", "researchAndDevelopment": "None", "operatingExpenses": "32668000", "investmentIncomeNet": "None", "netInterestIncome": "694985000", "interestIncome": "909776000", "interestExpense": "214791000", "nonInterestIncome": "142207000", "otherNonOperatingIncome": "None", "depreciation": "None", "depreciationAndAmortization": "32668000", "incomeBeforeTax": "286531000", "incomeTaxExpense": "51687000", "interestAndDebtExpense": "214791000", "netIncomeFromContinuingOperations": "840431000", "comprehensiveIncomeNetOfTax": "244653000", "ebit": "892118000", "ebitda": "924786000", "netIncome": "234844000"}, {"fiscalDateEnding": "2019-06-30", "reportedCurrency": "USD", "grossProfit": "819376000", "totalRevenue": "819376000", "costOfRevenue": "None", "costofGoodsAndServicesSold": "None", "operatingIncome": "819376000", "sellingGeneralAndAdministrative": "399760000", "researchAndDevelopment": "None", "operatingExpenses": "28491000", "investmentIncomeNet": "None", "netInterestIncome": "674026000", "interestIncome": "885732000", "interestExpense": "211706000", "nonInterestIncome": "145350000", "otherNonOperatingIncome": "None", "depreciation": "None", "depreciationAndAmortization": "28491000", "incomeBeforeTax": "269322000", "incomeTaxExpense": "46758000", "interestAndDebtExpense": "211706000", "netIncomeFromContinuingOperations": "772618000", "comprehensiveIncomeNetOfTax": "236042000", "ebit": "819376000", "ebitda": "847867000", "netIncome": "222564000"}, {"fiscalDateEnding": "2019-03-31", "reportedCurrency": "USD", "grossProfit": "807356000", "totalRevenue": "807356000", "costOfRevenue": "None", "costofGoodsAndServicesSold": "None", "operatingIncome": "780921000", "sellingGeneralAndAdministrative": "404337000", "researchAndDevelopment": "None", "operatingExpenses": "26435000", "investmentIncomeNet": "None", "netInterestIncome": "675038000", "interestIncome": "847017000", "interestExpense": "171979000", "nonInterestIncome": "132318000", "otherNonOperatingIncome": "None", "depreciation": "None", "depreciationAndAmortization": "26435000", "incomeBeforeTax": "268344000", "incomeTaxExpense": "41753000", "interestAndDebtExpense": "171979000", "netIncomeFromContinuingOperations": "739168000", "comprehensiveIncomeNetOfTax": "232517000", "ebit": "780921000", "ebitda": "807356000", "netIncome": "226591000"}, {"fiscalDateEnding": "2018-12-31", "reportedCurrency": "USD", "grossProfit": "810750000", "totalRevenue": "810750000", "costOfRevenue": "186541000", "costofGoodsAndServicesSold": "186541000", "operatingIncome": "783731000", "sellingGeneralAndAdministrative": "372001000", "researchAndDevelopment": "None", "operatingExpenses": "27019000", "investmentIncomeNet": "None", "netInterestIncome": "667203000", "interestIncome": "828655000", "interestExpense": "161452000", "nonInterestIncome": "143547000", "otherNonOperatingIncome": "None", "depreciation": "None", "depreciationAndAmortization": "27019000", "incomeBeforeTax": "287079000", "incomeTaxExpense": "55661000", "interestAndDebtExpense": "161452000", "netIncomeFromContinuingOperations": "728070000", "comprehensiveIncomeNetOfTax": "233440000", "ebit": "783731000", "ebitda": "810750000", "netIncome": "231418000"}, {"fiscalDateEnding": "2018-09-30", "reportedCurrency": "USD", "grossProfit": "768829000", "totalRevenue": "768829000", "costOfRevenue": "164217000", "costofGoodsAndServicesSold": "164217000", "operatingIncome": "743781000", "sellingGeneralAndAdministrative": "371535000", "researchAndDevelopment": "None", "operatingExpenses": "25048000", "investmentIncomeNet": "None", "netInterestIncome": "634454000", "interestIncome": "780038000", "interestExpense": "145584000", "nonInterestIncome": "134375000", "otherNonOperatingIncome": "None", "depreciation": "None", "depreciationAndAmortization": "25048000", "incomeBeforeTax": "266197000", "incomeTaxExpense": "52651000", "interestAndDebtExpense": "145584000", "netIncomeFromContinuingOperations": "691130000", "comprehensiveIncomeNetOfTax": "209842000", "ebit": "743781000", "ebitda": "768829000", "netIncome": "213546000"}, {"fiscalDateEnding": "2018-06-30", "reportedCurrency": "USD", "grossProfit": "744114000", "totalRevenue": "744114000", "costOfRevenue": "142116000", "costofGoodsAndServicesSold": "142116000", "operatingIncome": "744114000", "sellingGeneralAndAdministrative": "361581000", "researchAndDevelopment": "None", "operatingExpenses": "615000000", "investmentIncomeNet": "None", "netInterestIncome": "611693000", "interestIncome": "734439000", "interestExpense": "122746000", "nonInterestIncome": "132421000", "otherNonOperatingIncome": "None", "depreciation": "None", "depreciationAndAmortization": "23560000", "incomeBeforeTax": "252187000", "incomeTaxExpense": "42406000", "interestAndDebtExpense": "122746000", "netIncomeFromContinuingOperations": "701708000", "comprehensiveIncomeNetOfTax": "206384000", "ebit": "744114000", "ebitda": "767674000", "netIncome": "209781000"}, {"fiscalDateEnding": "2018-03-31", "reportedCurrency": "USD", "grossProfit": "720860000", "totalRevenue": "720860000", "costOfRevenue": "113716000", "costofGoodsAndServicesSold": "113716000", "operatingIncome": "698909000", "sellingGeneralAndAdministrative": "363347000", "researchAndDevelopment": "None", "operatingExpenses": "21951000", "investmentIncomeNet": "None", "netInterestIncome": "587758000", "interestIncome": "688474000", "interestExpense": "100716000", "nonInterestIncome": "133102000", "otherNonOperatingIncome": "None", "depreciation": "None", "depreciationAndAmortization": "21951000", "incomeBeforeTax": "246279000", "incomeTaxExpense": "47196000", "interestAndDebtExpense": "100716000", "netIncomeFromContinuingOperations": "651713000", "comprehensiveIncomeNetOfTax": "189801000", "ebit": "698909000", "ebitda": "720860000", "netIncome": "199083000"}, {"fiscalDateEnding": "2017-12-31", "reportedCurrency": "USD", "grossProfit": "1891570000", "totalRevenue": "683071000", "costOfRevenue": "110982000", "costofGoodsAndServicesSold": "110982000", "operatingIncome": "1484089000", "sellingGeneralAndAdministrative": "336769000", "researchAndDevelopment": "None", "operatingExpenses": "557000000", "investmentIncomeNet": "None", "netInterestIncome": "568861000", "interestIncome": "662801000", "interestExpense": "93940000", "nonInterestIncome": "130297000", "otherNonOperatingIncome": "None", "depreciation": "None", "depreciationAndAmortization": "24045000", "incomeBeforeTax": "236573000", "incomeTaxExpense": "42296000", "interestAndDebtExpense": "None", "netIncomeFromContinuingOperations": "557651000", "comprehensiveIncomeNetOfTax": "189887000", "ebit": "330513000", "ebitda": "354558000", "netIncome": "194277000"}, {"fiscalDateEnding": "2017-09-30", "reportedCurrency": "USD", "grossProfit": "42775000", "totalRevenue": "654901000", "costOfRevenue": "96327000", "costofGoodsAndServicesSold": "96327000", "operatingIncome": "241814000", "sellingGeneralAndAdministrative": "316956000", "researchAndDevelopment": "None", "operatingExpenses": "515000000", "investmentIncomeNet": "None", "netInterestIncome": "550953000", "interestIncome": "637167000", "interestExpense": "86214000", "nonInterestIncome": "119333000", "otherNonOperatingIncome": "None", "depreciation": "None", "depreciationAndAmortization": "19901000", "incomeBeforeTax": "241814000", "incomeTaxExpense": "41805000", "interestAndDebtExpense": "None", "netIncomeFromContinuingOperations": "13409000", "comprehensiveIncomeNetOfTax": "198377000", "ebit": "328028000", "ebitda": "347929000", "netIncome": "200009000"}, {"fiscalDateEnding": "2017-06-30", "reportedCurrency": "USD", "grossProfit": "617398000", "totalRevenue": "625961000", "costOfRevenue": "91129000", "costofGoodsAndServicesSold": "91129000", "operatingIncome": "239192000", "sellingGeneralAndAdministrative": "300286000", "researchAndDevelopment": "None", "operatingExpenses": "488000000", "investmentIncomeNet": "None", "netInterestIncome": "531964000", "interestIncome": "599155000", "interestExpense": "67191000", "nonInterestIncome": "109372000", "otherNonOperatingIncome": "None", "depreciation": "None", "depreciationAndAmortization": "14692000", "incomeBeforeTax": "220298000", "incomeTaxExpense": "33698000", "interestAndDebtExpense": "None", "netIncomeFromContinuingOperations": "186600000", "comprehensiveIncomeNetOfTax": "185033000", "ebit": "287489000", "ebitda": "302181000", "netIncome": "186600000"}, {"fiscalDateEnding": "2017-03-31", "reportedCurrency": "USD", "grossProfit": "None", "totalRevenue": "589214000", "costOfRevenue": "61898000", "costofGoodsAndServicesSold": "61898000", "operatingIncome": "None", "sellingGeneralAndAdministrative": "293250000", "researchAndDevelopment": "None", "operatingExpenses": "440000000", "investmentIncomeNet": "None", "netInterestIncome": "490597000", "interestIncome": "None", "interestExpense": "52810000", "nonInterestIncome": "101459000", "otherNonOperatingIncome": "None", "depreciation": "None", "depreciationAndAmortization": "17047000", "incomeBeforeTax": "213517000", "incomeTaxExpense": "36743000", "interestAndDebtExpense": "None", "netIncomeFromContinuingOperations": "None", "comprehensiveIncomeNetOfTax": "174184000", "ebit": "213517000", "ebitda": "None", "netIncome": "176774000"}]}