{"symbol": "FRT", "annualReports": [{"fiscalDateEnding": "2020-12-31", "reportedCurrency": "USD", "grossProfit": "279489000", "totalRevenue": "835494000", "costOfRevenue": "556005000", "costofGoodsAndServicesSold": "237765000", "operatingIncome": "289524000", "sellingGeneralAndAdministrative": "48112000", "researchAndDevelopment": "None", "operatingExpenses": "586869000", "investmentIncomeNet": "None", "netInterestIncome": "-136289000", "interestIncome": "1894000", "interestExpense": "136289000", "nonInterestIncome": "-11179000", "otherNonOperatingIncome": "1894000", "depreciation": "None", "depreciationAndAmortization": "255027000", "incomeBeforeTax": "135888000", "incomeTaxExpense": "3711000", "interestAndDebtExpense": "147468000", "netIncomeFromContinuingOperations": "379579000", "comprehensiveIncomeNetOfTax": "126875000", "ebit": "289524000", "ebitda": "544551000", "netIncome": "131706000"}, {"fiscalDateEnding": "2019-12-31", "reportedCurrency": "USD", "grossProfit": "548428000", "totalRevenue": "935788000", "costOfRevenue": "387360000", "costofGoodsAndServicesSold": "73179000", "operatingIncome": "470911000", "sellingGeneralAndAdministrative": "50181000", "researchAndDevelopment": "None", "operatingExpenses": "581270000", "investmentIncomeNet": "None", "netInterestIncome": "-109623000", "interestIncome": "1266000", "interestExpense": "109623000", "nonInterestIncome": "0", "otherNonOperatingIncome": "1266000", "depreciation": "None", "depreciationAndAmortization": "239758000", "incomeBeforeTax": "360542000", "incomeTaxExpense": "6676000", "interestAndDebtExpense": "109623000", "netIncomeFromContinuingOperations": "468899000", "comprehensiveIncomeNetOfTax": "353469000", "ebit": "470911000", "ebitda": "710669000", "netIncome": "353866000"}, {"fiscalDateEnding": "2018-12-31", "reportedCurrency": "USD", "grossProfit": "727581000", "totalRevenue": "915436000", "costOfRevenue": "187855000", "costofGoodsAndServicesSold": "-110588000", "operatingIncome": "361636000", "sellingGeneralAndAdministrative": "41535000", "researchAndDevelopment": "None", "operatingExpenses": "565715000", "investmentIncomeNet": "None", "netInterestIncome": "-110154000", "interestIncome": "942000", "interestExpense": "110154000", "nonInterestIncome": "895698000", "otherNonOperatingIncome": "-2456000", "depreciation": "None", "depreciationAndAmortization": "244245000", "incomeBeforeTax": "237111000", "incomeTaxExpense": "7119000", "interestAndDebtExpense": "110154000", "netIncomeFromContinuingOperations": "229992000", "comprehensiveIncomeNetOfTax": "241469000", "ebit": "361636000", "ebitda": "605881000", "netIncome": "241907000"}, {"fiscalDateEnding": "2017-12-31", "reportedCurrency": "USD", "grossProfit": "304338000", "totalRevenue": "857348000", "costOfRevenue": "553010000", "costofGoodsAndServicesSold": "280946000", "operatingIncome": "410210000", "sellingGeneralAndAdministrative": "45288000", "researchAndDevelopment": "None", "operatingExpenses": "525060000", "investmentIncomeNet": "None", "netInterestIncome": "-100125000", "interestIncome": "475000", "interestExpense": "100125000", "nonInterestIncome": "829188000", "otherNonOperatingIncome": "-12215000", "depreciation": "None", "depreciationAndAmortization": "216050000", "incomeBeforeTax": "219948000", "incomeTaxExpense": "7956000", "interestAndDebtExpense": "112398000", "netIncomeFromContinuingOperations": "212282000", "comprehensiveIncomeNetOfTax": "292513000", "ebit": "410210000", "ebitda": "626260000", "netIncome": "289914000"}, {"fiscalDateEnding": "2016-12-31", "reportedCurrency": "USD", "grossProfit": "284481000", "totalRevenue": "801591000", "costOfRevenue": "517110000", "costofGoodsAndServicesSold": "269059000", "operatingIncome": "320995000", "sellingGeneralAndAdministrative": "41919000", "researchAndDevelopment": "None", "operatingExpenses": "480596000", "investmentIncomeNet": "None", "netInterestIncome": "-94994000", "interestIncome": "374000", "interestExpense": "94994000", "nonInterestIncome": "786583000", "otherNonOperatingIncome": "424000", "depreciation": "None", "depreciationAndAmortization": "193585000", "incomeBeforeTax": "226425000", "incomeTaxExpense": "8973000", "interestAndDebtExpense": "94994000", "netIncomeFromContinuingOperations": "218777000", "comprehensiveIncomeNetOfTax": "251443000", "ebit": "320995000", "ebitda": "514580000", "netIncome": "249910000"}], "quarterlyReports": [{"fiscalDateEnding": "2021-09-30", "reportedCurrency": "USD", "grossProfit": "164420000", "totalRevenue": "247284000", "costOfRevenue": "82864000", "costofGoodsAndServicesSold": "78847000", "operatingIncome": "85573000", "sellingGeneralAndAdministrative": "12253000", "researchAndDevelopment": "None", "operatingExpenses": "161711000", "investmentIncomeNet": "None", "netInterestIncome": "-32249000", "interestIncome": "88000", "interestExpense": "32249000", "nonInterestIncome": "None", "otherNonOperatingIncome": "1217000", "depreciation": "None", "depreciationAndAmortization": "70611000", "incomeBeforeTax": "54541000", "incomeTaxExpense": "None", "interestAndDebtExpense": "32249000", "netIncomeFromContinuingOperations": "86702000", "comprehensiveIncomeNetOfTax": "52634000", "ebit": "85573000", "ebitda": "156184000", "netIncome": "52122000"}, {"fiscalDateEnding": "2021-06-30", "reportedCurrency": "USD", "grossProfit": "151104000", "totalRevenue": "231625000", "costOfRevenue": "80521000", "costofGoodsAndServicesSold": "72241000", "operatingIncome": "78863000", "sellingGeneralAndAdministrative": "12846000", "researchAndDevelopment": "None", "operatingExpenses": "152762000", "investmentIncomeNet": "None", "netInterestIncome": "-31177000", "interestIncome": "250000", "interestExpense": "31177000", "nonInterestIncome": "None", "otherNonOperatingIncome": "373000", "depreciation": "None", "depreciationAndAmortization": "67675000", "incomeBeforeTax": "48059000", "incomeTaxExpense": "None", "interestAndDebtExpense": "31177000", "netIncomeFromContinuingOperations": "78986000", "comprehensiveIncomeNetOfTax": "45266000", "ebit": "78863000", "ebitda": "146538000", "netIncome": "46204000"}, {"fiscalDateEnding": "2021-03-31", "reportedCurrency": "USD", "grossProfit": "144029000", "totalRevenue": "218161000", "costOfRevenue": "74132000", "costofGoodsAndServicesSold": "78658000", "operatingIncome": "82799000", "sellingGeneralAndAdministrative": "10258000", "researchAndDevelopment": "None", "operatingExpenses": "152790000", "investmentIncomeNet": "None", "netInterestIncome": "-32085000", "interestIncome": "363000", "interestExpense": "32085000", "nonInterestIncome": "None", "otherNonOperatingIncome": "-975000", "depreciation": "None", "depreciationAndAmortization": "63874000", "incomeBeforeTax": "49739000", "incomeTaxExpense": "None", "interestAndDebtExpense": "32085000", "netIncomeFromContinuingOperations": "81461000", "comprehensiveIncomeNetOfTax": "51580000", "ebit": "82799000", "ebitda": "146673000", "netIncome": "48236000"}, {"fiscalDateEnding": "2020-12-31", "reportedCurrency": "USD", "grossProfit": "-116516000", "totalRevenue": "219513000", "costOfRevenue": "336029000", "costofGoodsAndServicesSold": "77418000", "operatingIncome": "151799000", "sellingGeneralAndAdministrative": "18739000", "researchAndDevelopment": "None", "operatingExpenses": "154149000", "investmentIncomeNet": "None", "netInterestIncome": "-37543000", "interestIncome": "539000", "interestExpense": "37543000", "nonInterestIncome": "None", "otherNonOperatingIncome": "7196000", "depreciation": "None", "depreciationAndAmortization": "64424000", "incomeBeforeTax": "102211000", "incomeTaxExpense": "3711000", "interestAndDebtExpense": "48722000", "netIncomeFromContinuingOperations": "236829000", "comprehensiveIncomeNetOfTax": "96381000", "ebit": "151799000", "ebitda": "216223000", "netIncome": "94725000"}, {"fiscalDateEnding": "2020-09-30", "reportedCurrency": "USD", "grossProfit": "133258000", "totalRevenue": "208197000", "costOfRevenue": "74939000", "costofGoodsAndServicesSold": "72352000", "operatingIncome": "3688000", "sellingGeneralAndAdministrative": "9308000", "researchAndDevelopment": "None", "operatingExpenses": "147291000", "investmentIncomeNet": "None", "netInterestIncome": "-36228000", "interestIncome": "-37311000", "interestExpense": "36228000", "nonInterestIncome": "None", "otherNonOperatingIncome": "-1083000", "depreciation": "None", "depreciationAndAmortization": "65631000", "incomeBeforeTax": "-33623000", "incomeTaxExpense": "None", "interestAndDebtExpense": "36228000", "netIncomeFromContinuingOperations": "2067000", "comprehensiveIncomeNetOfTax": "-27831000", "ebit": "3688000", "ebitda": "69319000", "netIncome": "-28289000"}, {"fiscalDateEnding": "2020-06-30", "reportedCurrency": "USD", "grossProfit": "103629000", "totalRevenue": "176227000", "costOfRevenue": "72598000", "costofGoodsAndServicesSold": "67016000", "operatingIncome": "48295000", "sellingGeneralAndAdministrative": "9814000", "researchAndDevelopment": "None", "operatingExpenses": "139614000", "investmentIncomeNet": "None", "netInterestIncome": "-34073000", "interestIncome": "509000", "interestExpense": "34073000", "nonInterestIncome": "None", "otherNonOperatingIncome": "-3363000", "depreciation": "None", "depreciationAndAmortization": "62784000", "incomeBeforeTax": "10859000", "incomeTaxExpense": "None", "interestAndDebtExpense": "34073000", "netIncomeFromContinuingOperations": "56105000", "comprehensiveIncomeNetOfTax": "10014000", "ebit": "48295000", "ebitda": "111079000", "netIncome": "10507000"}, {"fiscalDateEnding": "2020-03-31", "reportedCurrency": "USD", "grossProfit": "159118000", "totalRevenue": "231557000", "costOfRevenue": "72439000", "costofGoodsAndServicesSold": "73376000", "operatingIncome": "85742000", "sellingGeneralAndAdministrative": "10251000", "researchAndDevelopment": "None", "operatingExpenses": "145815000", "investmentIncomeNet": "None", "netInterestIncome": "-28445000", "interestIncome": "308000", "interestExpense": "28445000", "nonInterestIncome": "None", "otherNonOperatingIncome": "-856000", "depreciation": "None", "depreciationAndAmortization": "62188000", "incomeBeforeTax": "56441000", "incomeTaxExpense": "None", "interestAndDebtExpense": "28445000", "netIncomeFromContinuingOperations": "84578000", "comprehensiveIncomeNetOfTax": "48311000", "ebit": "85742000", "ebitda": "147930000", "netIncome": "54763000"}, {"fiscalDateEnding": "2019-12-31", "reportedCurrency": "USD", "grossProfit": "239149000", "totalRevenue": "239149000", "costOfRevenue": "176986000", "costofGoodsAndServicesSold": "76693000", "operatingIncome": "176221000", "sellingGeneralAndAdministrative": "18134000", "researchAndDevelopment": "None", "operatingExpenses": "148831000", "investmentIncomeNet": "None", "netInterestIncome": "-27056000", "interestIncome": "511000", "interestExpense": "27056000", "nonInterestIncome": "None", "otherNonOperatingIncome": "1813000", "depreciation": "None", "depreciationAndAmortization": "61431000", "incomeBeforeTax": "148966000", "incomeTaxExpense": "6676000", "interestAndDebtExpense": "27056000", "netIncomeFromContinuingOperations": "176221000", "comprehensiveIncomeNetOfTax": "147677000", "ebit": "176221000", "ebitda": "237652000", "netIncome": "147355000"}, {"fiscalDateEnding": "2019-09-30", "reportedCurrency": "USD", "grossProfit": "163239000", "totalRevenue": "233947000", "costOfRevenue": "70708000", "costofGoodsAndServicesSold": "83514000", "operatingIncome": "94018000", "sellingGeneralAndAdministrative": "11060000", "researchAndDevelopment": "None", "operatingExpenses": "154222000", "investmentIncomeNet": "None", "netInterestIncome": "-27052000", "interestIncome": "389000", "interestExpense": "27052000", "nonInterestIncome": "None", "otherNonOperatingIncome": "140000", "depreciation": "None", "depreciationAndAmortization": "59648000", "incomeBeforeTax": "67106000", "incomeTaxExpense": "None", "interestAndDebtExpense": "27052000", "netIncomeFromContinuingOperations": "93769000", "comprehensiveIncomeNetOfTax": "65354000", "ebit": "94018000", "ebitda": "153666000", "netIncome": "65465000"}, {"fiscalDateEnding": "2019-06-30", "reportedCurrency": "USD", "grossProfit": "159986000", "totalRevenue": "230465000", "costOfRevenue": "70479000", "costofGoodsAndServicesSold": "66604000", "operatingIncome": "109579000", "sellingGeneralAndAdministrative": "11422000", "researchAndDevelopment": "None", "operatingExpenses": "137083000", "investmentIncomeNet": "None", "netInterestIncome": "-27482000", "interestIncome": "189000", "interestExpense": "27482000", "nonInterestIncome": "None", "otherNonOperatingIncome": "570000", "depreciation": "None", "depreciationAndAmortization": "59057000", "incomeBeforeTax": "66470000", "incomeTaxExpense": "None", "interestAndDebtExpense": "27482000", "netIncomeFromContinuingOperations": "109960000", "comprehensiveIncomeNetOfTax": "80503000", "ebit": "109579000", "ebitda": "168636000", "netIncome": "80902000"}, {"fiscalDateEnding": "2019-03-31", "reportedCurrency": "USD", "grossProfit": "163040000", "totalRevenue": "232227000", "costOfRevenue": "69187000", "costofGoodsAndServicesSold": "71947000", "operatingIncome": "91093000", "sellingGeneralAndAdministrative": "9565000", "researchAndDevelopment": "None", "operatingExpenses": "141134000", "investmentIncomeNet": "None", "netInterestIncome": "-28033000", "interestIncome": "177000", "interestExpense": "28033000", "nonInterestIncome": "231492000", "otherNonOperatingIncome": "-1257000", "depreciation": "None", "depreciationAndAmortization": "59622000", "incomeBeforeTax": "61803000", "incomeTaxExpense": "None", "interestAndDebtExpense": "28033000", "netIncomeFromContinuingOperations": "89659000", "comprehensiveIncomeNetOfTax": "59935000", "ebit": "91093000", "ebitda": "150715000", "netIncome": "60144000"}, {"fiscalDateEnding": "2018-12-31", "reportedCurrency": "USD", "grossProfit": "235376000", "totalRevenue": "235376000", "costOfRevenue": "118385000", "costofGoodsAndServicesSold": "21191000", "operatingIncome": "84840000", "sellingGeneralAndAdministrative": "17555000", "researchAndDevelopment": "None", "operatingExpenses": "152038000", "investmentIncomeNet": "None", "netInterestIncome": "-28038000", "interestIncome": "None", "interestExpense": "28038000", "nonInterestIncome": "230864000", "otherNonOperatingIncome": "-10833000", "depreciation": "None", "depreciationAndAmortization": "66976000", "incomeBeforeTax": "54880000", "incomeTaxExpense": "7119000", "interestAndDebtExpense": "28038000", "netIncomeFromContinuingOperations": "53005000", "comprehensiveIncomeNetOfTax": "53964000", "ebit": "84840000", "ebitda": "151816000", "netIncome": "54507000"}, {"fiscalDateEnding": "2018-09-30", "reportedCurrency": "USD", "grossProfit": "205381000", "totalRevenue": "229753000", "costOfRevenue": "24372000", "costofGoodsAndServicesSold": "-44044000", "operatingIncome": "93467000", "sellingGeneralAndAdministrative": "7638000", "researchAndDevelopment": "None", "operatingExpenses": "139411000", "investmentIncomeNet": "None", "netInterestIncome": "-28166000", "interestIncome": "None", "interestExpense": "28166000", "nonInterestIncome": "223777000", "otherNonOperatingIncome": "2004000", "depreciation": "None", "depreciationAndAmortization": "60778000", "incomeBeforeTax": "61055000", "incomeTaxExpense": "None", "interestAndDebtExpense": "28166000", "netIncomeFromContinuingOperations": "59433000", "comprehensiveIncomeNetOfTax": "62273000", "ebit": "93467000", "ebitda": "154245000", "netIncome": "62558000"}, {"fiscalDateEnding": "2018-06-30", "reportedCurrency": "USD", "grossProfit": "118203000", "totalRevenue": "224902000", "costOfRevenue": "106699000", "costofGoodsAndServicesSold": "39905000", "operatingIncome": "93868000", "sellingGeneralAndAdministrative": "8413000", "researchAndDevelopment": "None", "operatingExpenses": "135006000", "investmentIncomeNet": "None", "netInterestIncome": "-27766000", "interestIncome": "None", "interestExpense": "27766000", "nonInterestIncome": "220476000", "otherNonOperatingIncome": "3403000", "depreciation": "None", "depreciationAndAmortization": "58381000", "incomeBeforeTax": "61561000", "incomeTaxExpense": "None", "interestAndDebtExpense": "27766000", "netIncomeFromContinuingOperations": "59623000", "comprehensiveIncomeNetOfTax": "63518000", "ebit": "93868000", "ebitda": "152249000", "netIncome": "63595000"}, {"fiscalDateEnding": "2018-03-31", "reportedCurrency": "USD", "grossProfit": "114593000", "totalRevenue": "225405000", "costOfRevenue": "110812000", "costofGoodsAndServicesSold": "44773000", "operatingIncome": "89461000", "sellingGeneralAndAdministrative": "7929000", "researchAndDevelopment": "None", "operatingExpenses": "139260000", "investmentIncomeNet": "None", "netInterestIncome": "-26184000", "interestIncome": "None", "interestExpense": "26184000", "nonInterestIncome": "220581000", "otherNonOperatingIncome": "2970000", "depreciation": "None", "depreciationAndAmortization": "58110000", "incomeBeforeTax": "59615000", "incomeTaxExpense": "None", "interestAndDebtExpense": "26184000", "netIncomeFromContinuingOperations": "57931000", "comprehensiveIncomeNetOfTax": "61714000", "ebit": "89461000", "ebitda": "147571000", "netIncome": "61247000"}, {"fiscalDateEnding": "2017-12-31", "reportedCurrency": "USD", "grossProfit": "223957000", "totalRevenue": "223957000", "costOfRevenue": "247854000", "costofGoodsAndServicesSold": "161459000", "operatingIncome": "83157000", "sellingGeneralAndAdministrative": "19275000", "researchAndDevelopment": "None", "operatingExpenses": "140800000", "investmentIncomeNet": "None", "netInterestIncome": "-26173000", "interestIncome": "None", "interestExpense": "26173000", "nonInterestIncome": "12300000", "otherNonOperatingIncome": "-12172000", "depreciation": "None", "depreciationAndAmortization": "56394000", "incomeBeforeTax": "44812000", "incomeTaxExpense": "7956000", "interestAndDebtExpense": "-12300000", "netIncomeFromContinuingOperations": "42683000", "comprehensiveIncomeNetOfTax": "51420000", "ebit": "83157000", "ebitda": "139551000", "netIncome": "50656000"}, {"fiscalDateEnding": "2017-09-30", "reportedCurrency": "USD", "grossProfit": "111989000", "totalRevenue": "217953000", "costOfRevenue": "105964000", "costofGoodsAndServicesSold": "41250000", "operatingIncome": "84497000", "sellingGeneralAndAdministrative": "9103000", "researchAndDevelopment": "None", "operatingExpenses": "133456000", "investmentIncomeNet": "None", "netInterestIncome": "-26287000", "interestIncome": "None", "interestExpense": "26287000", "nonInterestIncome": "212048000", "otherNonOperatingIncome": "-103000", "depreciation": "None", "depreciationAndAmortization": "55611000", "incomeBeforeTax": "58107000", "incomeTaxExpense": "None", "interestAndDebtExpense": "26287000", "netIncomeFromContinuingOperations": "56002000", "comprehensiveIncomeNetOfTax": "107135000", "ebit": "84497000", "ebitda": "140108000", "netIncome": "106777000"}, {"fiscalDateEnding": "2017-06-30", "reportedCurrency": "USD", "grossProfit": "109612000", "totalRevenue": "208049000", "costOfRevenue": "98437000", "costofGoodsAndServicesSold": "37128000", "operatingIncome": "83090000", "sellingGeneralAndAdministrative": "8643000", "researchAndDevelopment": "None", "operatingExpenses": "124959000", "investmentIncomeNet": "None", "netInterestIncome": "-23907000", "interestIncome": "None", "interestExpense": "23907000", "nonInterestIncome": "204246000", "otherNonOperatingIncome": "-46000", "depreciation": "None", "depreciationAndAmortization": "52666000", "incomeBeforeTax": "59137000", "incomeTaxExpense": "None", "interestAndDebtExpense": "23907000", "netIncomeFromContinuingOperations": "57477000", "comprehensiveIncomeNetOfTax": "76684000", "ebit": "83090000", "ebitda": "135756000", "netIncome": "76291000"}, {"fiscalDateEnding": "2017-03-31", "reportedCurrency": "USD", "grossProfit": "106634000", "totalRevenue": "207389000", "costOfRevenue": "100755000", "costofGoodsAndServicesSold": "41109000", "operatingIncome": "81544000", "sellingGeneralAndAdministrative": "8267000", "researchAndDevelopment": "None", "operatingExpenses": "125845000", "investmentIncomeNet": "None", "netInterestIncome": "-23758000", "interestIncome": "None", "interestExpense": "23758000", "nonInterestIncome": "204447000", "otherNonOperatingIncome": "106000", "depreciation": "None", "depreciationAndAmortization": "51379000", "incomeBeforeTax": "57892000", "incomeTaxExpense": "None", "interestAndDebtExpense": "23758000", "netIncomeFromContinuingOperations": "56120000", "comprehensiveIncomeNetOfTax": "57274000", "ebit": "81544000", "ebitda": "132923000", "netIncome": "56190000"}, {"fiscalDateEnding": "2016-12-31", "reportedCurrency": "USD", "grossProfit": "204109000", "totalRevenue": "204109000", "costOfRevenue": "228310000", "costofGoodsAndServicesSold": "150674000", "operatingIncome": "83477000", "sellingGeneralAndAdministrative": "16641000", "researchAndDevelopment": "None", "operatingExpenses": "120632000", "investmentIncomeNet": "None", "netInterestIncome": "-23851000", "interestIncome": "None", "interestExpense": "23851000", "nonInterestIncome": "200871000", "otherNonOperatingIncome": "None", "depreciation": "None", "depreciationAndAmortization": "48448000", "incomeBeforeTax": "59724000", "incomeTaxExpense": "None", "interestAndDebtExpense": "23851000", "netIncomeFromContinuingOperations": "58037000", "comprehensiveIncomeNetOfTax": "60854000", "ebit": "83477000", "ebitda": "131925000", "netIncome": "58037000"}]}