{"symbol": "HBAN", "annualReports": [{"fiscalDateEnding": "2020-12-31", "reportedCurrency": "USD", "grossProfit": "172000000", "totalRevenue": "4015000000", "costOfRevenue": "3843000000", "costofGoodsAndServicesSold": "None", "operatingIncome": "-907000000", "sellingGeneralAndAdministrative": "712000000", "researchAndDevelopment": "None", "operatingExpenses": "1079000000", "investmentIncomeNet": "None", "netInterestIncome": "3224000000", "interestIncome": "3647000000", "interestExpense": "423000000", "nonInterestIncome": "1591000000", "otherNonOperatingIncome": "None", "depreciation": "None", "depreciationAndAmortization": "367000000", "incomeBeforeTax": "972000000", "incomeTaxExpense": "155000000", "interestAndDebtExpense": "416000000", "netIncomeFromContinuingOperations": "817000000", "comprehensiveIncomeNetOfTax": "1265000000", "ebit": "1395000000", "ebitda": "1762000000", "netIncome": "817000000"}, {"fiscalDateEnding": "2019-12-31", "reportedCurrency": "USD", "grossProfit": "1619000000", "totalRevenue": "4627000000", "costOfRevenue": "3008000000", "costofGoodsAndServicesSold": "None", "operatingIncome": "554000000", "sellingGeneralAndAdministrative": "679000000", "researchAndDevelopment": "None", "operatingExpenses": "1065000000", "investmentIncomeNet": "None", "netInterestIncome": "3213000000", "interestIncome": "4201000000", "interestExpense": "988000000", "nonInterestIncome": "1454000000", "otherNonOperatingIncome": "None", "depreciation": "None", "depreciationAndAmortization": "386000000", "incomeBeforeTax": "1659000000", "incomeTaxExpense": "248000000", "interestAndDebtExpense": "988000000", "netIncomeFromContinuingOperations": "1411000000", "comprehensiveIncomeNetOfTax": "1764000000", "ebit": "2647000000", "ebitda": "3033000000", "netIncome": "1411000000"}, {"fiscalDateEnding": "2018-12-31", "reportedCurrency": "USD", "grossProfit": "1507000000", "totalRevenue": "4389000000", "costOfRevenue": "2882000000", "costofGoodsAndServicesSold": "995000000", "operatingIncome": "275000000", "sellingGeneralAndAdministrative": "739000000", "researchAndDevelopment": "None", "operatingExpenses": "1232000000", "investmentIncomeNet": "None", "netInterestIncome": "3189000000", "interestIncome": "3949000000", "interestExpense": "760000000", "nonInterestIncome": "1321000000", "otherNonOperatingIncome": "None", "depreciation": "None", "depreciationAndAmortization": "493000000", "incomeBeforeTax": "1628000000", "incomeTaxExpense": "235000000", "interestAndDebtExpense": "760000000", "netIncomeFromContinuingOperations": "1393000000", "comprehensiveIncomeNetOfTax": "1313000000", "ebit": "2388000000", "ebitda": "2881000000", "netIncome": "1393000000"}, {"fiscalDateEnding": "2017-12-31", "reportedCurrency": "USD", "grossProfit": "1215000000", "totalRevenue": "4130000000", "costOfRevenue": "2915000000", "costofGoodsAndServicesSold": "632000000", "operatingIncome": "-1452000000", "sellingGeneralAndAdministrative": "2254000000", "researchAndDevelopment": "None", "operatingExpenses": "2667000000", "investmentIncomeNet": "None", "netInterestIncome": "3002000000", "interestIncome": "3433000000", "interestExpense": "431000000", "nonInterestIncome": "1307000000", "otherNonOperatingIncome": "None", "depreciation": "None", "depreciationAndAmortization": "413000000", "incomeBeforeTax": "1394000000", "incomeTaxExpense": "208000000", "interestAndDebtExpense": "431000000", "netIncomeFromContinuingOperations": "1186000000", "comprehensiveIncomeNetOfTax": "1152000000", "ebit": "1825000000", "ebitda": "2238000000", "netIncome": "1186000000"}, {"fiscalDateEnding": "2016-12-31", "reportedCurrency": "USD", "grossProfit": "764082000", "totalRevenue": "3363369000", "costOfRevenue": "2599287000", "costofGoodsAndServicesSold": "453597000", "operatingIncome": "-1655870000", "sellingGeneralAndAdministrative": "2040180000", "researchAndDevelopment": "None", "operatingExpenses": "2419952000", "investmentIncomeNet": "None", "netInterestIncome": "2369000000", "interestIncome": "2632000000", "interestExpense": "263000000", "nonInterestIncome": "1150000000", "otherNonOperatingIncome": "None", "depreciation": "None", "depreciationAndAmortization": "380000000", "incomeBeforeTax": "920000000", "incomeTaxExpense": "208000000", "interestAndDebtExpense": "262795000", "netIncomeFromContinuingOperations": "711821000", "comprehensiveIncomeNetOfTax": "536963000", "ebit": "1183000000", "ebitda": "1563000000", "netIncome": "712000000"}], "quarterlyReports": [{"fiscalDateEnding": "2021-09-30", "reportedCurrency": "USD", "grossProfit": "645000000", "totalRevenue": "1872000000", "costOfRevenue": "1227000000", "costofGoodsAndServicesSold": "None", "operatingIncome": "163000000", "sellingGeneralAndAdministrative": "450000000", "researchAndDevelopment": "None", "operatingExpenses": "482000000", "investmentIncomeNet": "None", "netInterestIncome": "1160000000", "interestIncome": "1205000000", "interestExpense": "45000000", "nonInterestIncome": "535000000", "otherNonOperatingIncome": "None", "depreciation": "19000000", "depreciationAndAmortization": "25000000", "incomeBeforeTax": "467000000", "incomeTaxExpense": "90000000", "interestAndDebtExpense": "45000000", "netIncomeFromContinuingOperations": "378000000", "comprehensiveIncomeNetOfTax": "270000000", "ebit": "512000000", "ebitda": "537000000", "netIncome": "377000000"}, {"fiscalDateEnding": "2021-06-30", "reportedCurrency": "USD", "grossProfit": "-119000000", "totalRevenue": "1164000000", "costOfRevenue": "1283000000", "costofGoodsAndServicesSold": "None", "operatingIncome": "-432000000", "sellingGeneralAndAdministrative": "297000000", "researchAndDevelopment": "None", "operatingExpenses": "313000000", "investmentIncomeNet": "None", "netInterestIncome": "838000000", "interestIncome": "935000000", "interestExpense": "97000000", "nonInterestIncome": "444000000", "otherNonOperatingIncome": "None", "depreciation": "5000000", "depreciationAndAmortization": "203000000", "incomeBeforeTax": "-1000000", "incomeTaxExpense": "14000000", "interestAndDebtExpense": "97000000", "netIncomeFromContinuingOperations": "-15000000", "comprehensiveIncomeNetOfTax": "22000000", "ebit": "96000000", "ebitda": "299000000", "netIncome": "-15000000"}, {"fiscalDateEnding": "2021-03-31", "reportedCurrency": "USD", "grossProfit": "756000000", "totalRevenue": "1489000000", "costOfRevenue": "733000000", "costofGoodsAndServicesSold": "None", "operatingIncome": "497000000", "sellingGeneralAndAdministrative": "188000000", "researchAndDevelopment": "None", "operatingExpenses": "259000000", "investmentIncomeNet": "None", "netInterestIncome": "972000000", "interestIncome": "869000000", "interestExpense": "-103000000", "nonInterestIncome": "395000000", "otherNonOperatingIncome": "None", "depreciation": "0", "depreciationAndAmortization": "71000000", "incomeBeforeTax": "634000000", "incomeTaxExpense": "102000000", "interestAndDebtExpense": "-103000000", "netIncomeFromContinuingOperations": "532000000", "comprehensiveIncomeNetOfTax": "284000000", "ebit": "531000000", "ebitda": "602000000", "netIncome": "532000000"}, {"fiscalDateEnding": "2020-12-31", "reportedCurrency": "USD", "grossProfit": "336000000", "totalRevenue": "1195000000", "costOfRevenue": "859000000", "costofGoodsAndServicesSold": "None", "operatingIncome": "-36000000", "sellingGeneralAndAdministrative": "263000000", "researchAndDevelopment": "None", "operatingExpenses": "372000000", "investmentIncomeNet": "None", "netInterestIncome": "825000000", "interestIncome": "878000000", "interestExpense": "53000000", "nonInterestIncome": "409000000", "otherNonOperatingIncome": "None", "depreciation": "None", "depreciationAndAmortization": "109000000", "incomeBeforeTax": "375000000", "incomeTaxExpense": "59000000", "interestAndDebtExpense": "46000000", "netIncomeFromContinuingOperations": "316000000", "comprehensiveIncomeNetOfTax": "251000000", "ebit": "428000000", "ebitda": "537000000", "netIncome": "316000000"}, {"fiscalDateEnding": "2020-09-30", "reportedCurrency": "USD", "grossProfit": "242000000", "totalRevenue": "1131000000", "costOfRevenue": "889000000", "costofGoodsAndServicesSold": "None", "operatingIncome": "73000000", "sellingGeneralAndAdministrative": "159000000", "researchAndDevelopment": "None", "operatingExpenses": "169000000", "investmentIncomeNet": "None", "netInterestIncome": "817000000", "interestIncome": "892000000", "interestExpense": "75000000", "nonInterestIncome": "430000000", "otherNonOperatingIncome": "None", "depreciation": "0", "depreciationAndAmortization": "80000000", "incomeBeforeTax": "358000000", "incomeTaxExpense": "55000000", "interestAndDebtExpense": "75000000", "netIncomeFromContinuingOperations": "303000000", "comprehensiveIncomeNetOfTax": "270000000", "ebit": "433000000", "ebitda": "513000000", "netIncome": "303000000"}, {"fiscalDateEnding": "2020-06-30", "reportedCurrency": "USD", "grossProfit": "-78000000", "totalRevenue": "924000000", "costOfRevenue": "1002000000", "costofGoodsAndServicesSold": "None", "operatingIncome": "-233000000", "sellingGeneralAndAdministrative": "145000000", "researchAndDevelopment": "None", "operatingExpenses": "155000000", "investmentIncomeNet": "None", "netInterestIncome": "792000000", "interestIncome": "902000000", "interestExpense": "110000000", "nonInterestIncome": "391000000", "otherNonOperatingIncome": "None", "depreciation": "1000000", "depreciationAndAmortization": "59000000", "incomeBeforeTax": "181000000", "incomeTaxExpense": "31000000", "interestAndDebtExpense": "110000000", "netIncomeFromContinuingOperations": "150000000", "comprehensiveIncomeNetOfTax": "213000000", "ebit": "291000000", "ebitda": "350000000", "netIncome": "150000000"}, {"fiscalDateEnding": "2020-03-31", "reportedCurrency": "USD", "grossProfit": "-322000000", "totalRevenue": "771000000", "costOfRevenue": "1093000000", "costofGoodsAndServicesSold": "None", "operatingIncome": "-586000000", "sellingGeneralAndAdministrative": "145000000", "researchAndDevelopment": "None", "operatingExpenses": "264000000", "investmentIncomeNet": "None", "netInterestIncome": "790000000", "interestIncome": "975000000", "interestExpense": "185000000", "nonInterestIncome": "361000000", "otherNonOperatingIncome": "None", "depreciation": "None", "depreciationAndAmortization": "119000000", "incomeBeforeTax": "58000000", "incomeTaxExpense": "10000000", "interestAndDebtExpense": "185000000", "netIncomeFromContinuingOperations": "48000000", "comprehensiveIncomeNetOfTax": "531000000", "ebit": "243000000", "ebitda": "362000000", "netIncome": "48000000"}, {"fiscalDateEnding": "2019-12-31", "reportedCurrency": "USD", "grossProfit": "293000000", "totalRevenue": "1073000000", "costOfRevenue": "780000000", "costofGoodsAndServicesSold": "None", "operatingIncome": "293000000", "sellingGeneralAndAdministrative": "236000000", "researchAndDevelopment": "None", "operatingExpenses": "314000000", "investmentIncomeNet": "None", "netInterestIncome": "780000000", "interestIncome": "1011000000", "interestExpense": "231000000", "nonInterestIncome": "372000000", "otherNonOperatingIncome": "None", "depreciation": "None", "depreciationAndAmortization": "78000000", "incomeBeforeTax": "372000000", "incomeTaxExpense": "55000000", "interestAndDebtExpense": "231000000", "netIncomeFromContinuingOperations": "317000000", "comprehensiveIncomeNetOfTax": "317000000", "ebit": "603000000", "ebitda": "681000000", "netIncome": "317000000"}, {"fiscalDateEnding": "2019-09-30", "reportedCurrency": "USD", "grossProfit": "418000000", "totalRevenue": "1167000000", "costOfRevenue": "749000000", "costofGoodsAndServicesSold": "None", "operatingIncome": "255000000", "sellingGeneralAndAdministrative": "151000000", "researchAndDevelopment": "None", "operatingExpenses": "163000000", "investmentIncomeNet": "None", "netInterestIncome": "799000000", "interestIncome": "1052000000", "interestExpense": "253000000", "nonInterestIncome": "389000000", "otherNonOperatingIncome": "None", "depreciation": "None", "depreciationAndAmortization": "104000000", "incomeBeforeTax": "439000000", "incomeTaxExpense": "67000000", "interestAndDebtExpense": "253000000", "netIncomeFromContinuingOperations": "372000000", "comprehensiveIncomeNetOfTax": "470000000", "ebit": "692000000", "ebitda": "796000000", "netIncome": "372000000"}, {"fiscalDateEnding": "2019-06-30", "reportedCurrency": "USD", "grossProfit": "403000000", "totalRevenue": "1162000000", "costOfRevenue": "759000000", "costofGoodsAndServicesSold": "None", "operatingIncome": "241000000", "sellingGeneralAndAdministrative": "150000000", "researchAndDevelopment": "None", "operatingExpenses": "162000000", "investmentIncomeNet": "None", "netInterestIncome": "812000000", "interestIncome": "1068000000", "interestExpense": "256000000", "nonInterestIncome": "374000000", "otherNonOperatingIncome": "None", "depreciation": "None", "depreciationAndAmortization": "73000000", "incomeBeforeTax": "427000000", "incomeTaxExpense": "63000000", "interestAndDebtExpense": "256000000", "netIncomeFromContinuingOperations": "364000000", "comprehensiveIncomeNetOfTax": "546000000", "ebit": "683000000", "ebitda": "756000000", "netIncome": "364000000"}, {"fiscalDateEnding": "2019-03-31", "reportedCurrency": "USD", "grossProfit": "386000000", "totalRevenue": "1106000000", "costOfRevenue": "720000000", "costofGoodsAndServicesSold": "None", "operatingIncome": "113000000", "sellingGeneralAndAdministrative": "142000000", "researchAndDevelopment": "None", "operatingExpenses": "273000000", "investmentIncomeNet": "None", "netInterestIncome": "822000000", "interestIncome": "1070000000", "interestExpense": "248000000", "nonInterestIncome": "319000000", "otherNonOperatingIncome": "None", "depreciation": "None", "depreciationAndAmortization": "131000000", "incomeBeforeTax": "421000000", "incomeTaxExpense": "63000000", "interestAndDebtExpense": "248000000", "netIncomeFromContinuingOperations": "358000000", "comprehensiveIncomeNetOfTax": "512000000", "ebit": "669000000", "ebitda": "800000000", "netIncome": "358000000"}, {"fiscalDateEnding": "2018-12-31", "reportedCurrency": "USD", "grossProfit": "331000000", "totalRevenue": "1102000000", "costOfRevenue": "771000000", "costofGoodsAndServicesSold": "283000000", "operatingIncome": "331000000", "sellingGeneralAndAdministrative": "333000000", "researchAndDevelopment": "None", "operatingExpenses": "476000000", "investmentIncomeNet": "None", "netInterestIncome": "833000000", "interestIncome": "1056000000", "interestExpense": "223000000", "nonInterestIncome": "329000000", "otherNonOperatingIncome": "None", "depreciation": "None", "depreciationAndAmortization": "143000000", "incomeBeforeTax": "391000000", "incomeTaxExpense": "57000000", "interestAndDebtExpense": "223000000", "netIncomeFromContinuingOperations": "334000000", "comprehensiveIncomeNetOfTax": "334000000", "ebit": "614000000", "ebitda": "757000000", "netIncome": "334000000"}, {"fiscalDateEnding": "2018-09-30", "reportedCurrency": "USD", "grossProfit": "415000000", "totalRevenue": "1119000000", "costOfRevenue": "704000000", "costofGoodsAndServicesSold": "258000000", "operatingIncome": "266000000", "sellingGeneralAndAdministrative": "136000000", "researchAndDevelopment": "None", "operatingExpenses": "149000000", "investmentIncomeNet": "None", "netInterestIncome": "802000000", "interestIncome": "1007000000", "interestExpense": "205000000", "nonInterestIncome": "342000000", "otherNonOperatingIncome": "None", "depreciation": "None", "depreciationAndAmortization": "122000000", "incomeBeforeTax": "440000000", "incomeTaxExpense": "62000000", "interestAndDebtExpense": "205000000", "netIncomeFromContinuingOperations": "378000000", "comprehensiveIncomeNetOfTax": "317000000", "ebit": "645000000", "ebitda": "767000000", "netIncome": "378000000"}, {"fiscalDateEnding": "2018-06-30", "reportedCurrency": "USD", "grossProfit": "363000000", "totalRevenue": "1071000000", "costOfRevenue": "708000000", "costofGoodsAndServicesSold": "244000000", "operatingIncome": "-183000000", "sellingGeneralAndAdministrative": "533000000", "researchAndDevelopment": "None", "operatingExpenses": "546000000", "investmentIncomeNet": "None", "netInterestIncome": "784000000", "interestIncome": "972000000", "interestExpense": "188000000", "nonInterestIncome": "336000000", "otherNonOperatingIncome": "None", "depreciation": "None", "depreciationAndAmortization": "123000000", "incomeBeforeTax": "412000000", "incomeTaxExpense": "57000000", "interestAndDebtExpense": "188000000", "netIncomeFromContinuingOperations": "355000000", "comprehensiveIncomeNetOfTax": "303000000", "ebit": "600000000", "ebitda": "723000000", "netIncome": "355000000"}, {"fiscalDateEnding": "2018-03-31", "reportedCurrency": "USD", "grossProfit": "324000000", "totalRevenue": "1023000000", "costOfRevenue": "699000000", "costofGoodsAndServicesSold": "210000000", "operatingIncome": "-290000000", "sellingGeneralAndAdministrative": "509000000", "researchAndDevelopment": "None", "operatingExpenses": "614000000", "investmentIncomeNet": "None", "netInterestIncome": "770000000", "interestIncome": "914000000", "interestExpense": "144000000", "nonInterestIncome": "314000000", "otherNonOperatingIncome": "None", "depreciation": "None", "depreciationAndAmortization": "105000000", "incomeBeforeTax": "385000000", "incomeTaxExpense": "59000000", "interestAndDebtExpense": "144000000", "netIncomeFromContinuingOperations": "326000000", "comprehensiveIncomeNetOfTax": "178000000", "ebit": "529000000", "ebitda": "634000000", "netIncome": "326000000"}, {"fiscalDateEnding": "2017-12-31", "reportedCurrency": "USD", "grossProfit": "347000000", "totalRevenue": "1045000000", "costOfRevenue": "698000000", "costofGoodsAndServicesSold": "188943000", "operatingIncome": "347000000", "sellingGeneralAndAdministrative": "584073000", "researchAndDevelopment": "None", "operatingExpenses": "690010000", "investmentIncomeNet": "None", "netInterestIncome": "770000000", "interestIncome": "894000000", "interestExpense": "124000000", "nonInterestIncome": "340000000", "otherNonOperatingIncome": "None", "depreciation": "None", "depreciationAndAmortization": "106000000", "incomeBeforeTax": "412000000", "incomeTaxExpense": "-20000000", "interestAndDebtExpense": "124000000", "netIncomeFromContinuingOperations": "432000000", "comprehensiveIncomeNetOfTax": "432000000", "ebit": "536000000", "ebitda": "642000000", "netIncome": "432000000"}, {"fiscalDateEnding": "2017-09-30", "reportedCurrency": "USD", "grossProfit": "327894000", "totalRevenue": "1051912000", "costOfRevenue": "724018000", "costofGoodsAndServicesSold": "158144000", "operatingIncome": "-230118000", "sellingGeneralAndAdministrative": "543995000", "researchAndDevelopment": "None", "operatingExpenses": "558012000", "investmentIncomeNet": "None", "netInterestIncome": "758000000", "interestIncome": "873000000", "interestExpense": "115000000", "nonInterestIncome": "330000000", "otherNonOperatingIncome": "None", "depreciation": "None", "depreciationAndAmortization": "96000000", "incomeBeforeTax": "365000000", "incomeTaxExpense": "90000000", "interestAndDebtExpense": "114554000", "netIncomeFromContinuingOperations": "274568000", "comprehensiveIncomeNetOfTax": "254962000", "ebit": "480000000", "ebitda": "576000000", "netIncome": "275000000"}, {"fiscalDateEnding": "2017-06-30", "reportedCurrency": "USD", "grossProfit": "330733000", "totalRevenue": "1050075000", "costOfRevenue": "719342000", "costofGoodsAndServicesSold": "126890000", "operatingIncome": "-240321000", "sellingGeneralAndAdministrative": "556812000", "researchAndDevelopment": "None", "operatingExpenses": "571054000", "investmentIncomeNet": "None", "netInterestIncome": "745000000", "interestIncome": "846000000", "interestExpense": "101000000", "nonInterestIncome": "325000000", "otherNonOperatingIncome": "None", "depreciation": "None", "depreciationAndAmortization": "0", "incomeBeforeTax": "351000000", "incomeTaxExpense": "79000000", "interestAndDebtExpense": "101912000", "netIncomeFromContinuingOperations": "271741000", "comprehensiveIncomeNetOfTax": "312244000", "ebit": "452000000", "ebitda": "452000000", "netIncome": "272000000"}, {"fiscalDateEnding": "2017-03-31", "reportedCurrency": "USD", "grossProfit": "204000000", "totalRevenue": "979060000", "costOfRevenue": "775060000", "costofGoodsAndServicesSold": "158023000", "operatingIncome": "-576318000", "sellingGeneralAndAdministrative": "569120000", "researchAndDevelopment": "None", "operatingExpenses": "780318000", "investmentIncomeNet": "None", "netInterestIncome": "729000000", "interestIncome": "820000000", "interestExpense": "91000000", "nonInterestIncome": "312000000", "otherNonOperatingIncome": "None", "depreciation": "None", "depreciationAndAmortization": "211000000", "incomeBeforeTax": "266000000", "incomeTaxExpense": "59000000", "interestAndDebtExpense": "90385000", "netIncomeFromContinuingOperations": "208094000", "comprehensiveIncomeNetOfTax": "218250000", "ebit": "357000000", "ebitda": "568000000", "netIncome": "207000000"}, {"fiscalDateEnding": "2016-12-31", "reportedCurrency": "USD", "grossProfit": "238009000", "totalRevenue": "994412000", "costOfRevenue": "756403000", "costofGoodsAndServicesSold": "154783000", "operatingIncome": "238009000", "sellingGeneralAndAdministrative": "607544000", "researchAndDevelopment": "None", "operatingExpenses": "687872000", "investmentIncomeNet": "None", "netInterestIncome": "735000000", "interestIncome": "815000000", "interestExpense": "80000000", "nonInterestIncome": "334000000", "otherNonOperatingIncome": "None", "depreciation": "None", "depreciationAndAmortization": "80556000", "incomeBeforeTax": "313000000", "incomeTaxExpense": "74000000", "interestAndDebtExpense": "79877000", "netIncomeFromContinuingOperations": "238963000", "comprehensiveIncomeNetOfTax": "238963000", "ebit": "393000000", "ebitda": "473556000", "netIncome": "239000000"}]}