{"symbol": "HD", "annualReports": [{"fiscalDateEnding": "2021-01-31", "reportedCurrency": "USD", "grossProfit": "44853000000", "totalRevenue": "132110000000", "costOfRevenue": "87257000000", "costofGoodsAndServicesSold": "None", "operatingIncome": "18278000000", "sellingGeneralAndAdministrative": "24447000000", "researchAndDevelopment": "None", "operatingExpenses": "26575000000", "investmentIncomeNet": "None", "netInterestIncome": "-1347000000", "interestIncome": "None", "interestExpense": "1347000000", "nonInterestIncome": "132110000000", "otherNonOperatingIncome": "None", "depreciation": "2425000000", "depreciationAndAmortization": "2128000000", "incomeBeforeTax": "16978000000", "incomeTaxExpense": "4112000000", "interestAndDebtExpense": "1347000000", "netIncomeFromContinuingOperations": "12866000000", "comprehensiveIncomeNetOfTax": "12934000000", "ebit": "18325000000", "ebitda": "20453000000", "netIncome": "12866000000"}, {"fiscalDateEnding": "2020-02-02", "reportedCurrency": "USD", "grossProfit": "37572000000", "totalRevenue": "110225000000", "costOfRevenue": "72653000000", "costofGoodsAndServicesSold": "None", "operatingIncome": "15843000000", "sellingGeneralAndAdministrative": "19740000000", "researchAndDevelopment": "None", "operatingExpenses": "21729000000", "investmentIncomeNet": "None", "netInterestIncome": "-1201000000", "interestIncome": "None", "interestExpense": "1201000000", "nonInterestIncome": "110225000000", "otherNonOperatingIncome": "None", "depreciation": "2223000000", "depreciationAndAmortization": "1989000000", "incomeBeforeTax": "14715000000", "incomeTaxExpense": "3473000000", "interestAndDebtExpense": "1201000000", "netIncomeFromContinuingOperations": "11242000000", "comprehensiveIncomeNetOfTax": "11306000000", "ebit": "15916000000", "ebitda": "17905000000", "netIncome": "11242000000"}, {"fiscalDateEnding": "2019-02-03", "reportedCurrency": "USD", "grossProfit": "37160000000", "totalRevenue": "108203000000", "costOfRevenue": "71043000000", "costofGoodsAndServicesSold": "None", "operatingIncome": "15530000000", "sellingGeneralAndAdministrative": "19513000000", "researchAndDevelopment": "None", "operatingExpenses": "21630000000", "investmentIncomeNet": "None", "netInterestIncome": "-1051000000", "interestIncome": "None", "interestExpense": "1051000000", "nonInterestIncome": "108203000000", "otherNonOperatingIncome": "None", "depreciation": "2076000000", "depreciationAndAmortization": "1870000000", "incomeBeforeTax": "14556000000", "incomeTaxExpense": "3435000000", "interestAndDebtExpense": "1051000000", "netIncomeFromContinuingOperations": "11121000000", "comprehensiveIncomeNetOfTax": "10915000000", "ebit": "15607000000", "ebitda": "17477000000", "netIncome": "11121000000"}, {"fiscalDateEnding": "2018-01-28", "reportedCurrency": "USD", "grossProfit": "34356000000", "totalRevenue": "100904000000", "costOfRevenue": "66548000000", "costofGoodsAndServicesSold": "None", "operatingIncome": "14681000000", "sellingGeneralAndAdministrative": "17864000000", "researchAndDevelopment": "None", "operatingExpenses": "19675000000", "investmentIncomeNet": "None", "netInterestIncome": "-1057000000", "interestIncome": "None", "interestExpense": "1057000000", "nonInterestIncome": "100904000000", "otherNonOperatingIncome": "None", "depreciation": "1983000000", "depreciationAndAmortization": "1811000000", "incomeBeforeTax": "13698000000", "incomeTaxExpense": "5068000000", "interestAndDebtExpense": "1057000000", "netIncomeFromContinuingOperations": "8630000000", "comprehensiveIncomeNetOfTax": "8931000000", "ebit": "14755000000", "ebitda": "16566000000", "netIncome": "8630000000"}, {"fiscalDateEnding": "2017-01-29", "reportedCurrency": "USD", "grossProfit": "32313000000", "totalRevenue": "94595000000", "costOfRevenue": "62282000000", "costofGoodsAndServicesSold": "None", "operatingIncome": "13427000000", "sellingGeneralAndAdministrative": "17132000000", "researchAndDevelopment": "None", "operatingExpenses": "18886000000", "investmentIncomeNet": "None", "netInterestIncome": "-972000000", "interestIncome": "None", "interestExpense": "972000000", "nonInterestIncome": "94595000000", "otherNonOperatingIncome": "None", "depreciation": "1899000000", "depreciationAndAmortization": "1754000000", "incomeBeforeTax": "12491000000", "incomeTaxExpense": "4534000000", "interestAndDebtExpense": "972000000", "netIncomeFromContinuingOperations": "7957000000", "comprehensiveIncomeNetOfTax": "7988000000", "ebit": "13463000000", "ebitda": "15217000000", "netIncome": "7957000000"}], "quarterlyReports": [{"fiscalDateEnding": "2021-08-01", "reportedCurrency": "USD", "grossProfit": "13665000000", "totalRevenue": "41118000000", "costOfRevenue": "27453000000", "costofGoodsAndServicesSold": "None", "operatingIncome": "6639000000", "sellingGeneralAndAdministrative": "6433000000", "researchAndDevelopment": "None", "operatingExpenses": "7026000000", "investmentIncomeNet": "5000000", "netInterestIncome": "-326000000", "interestIncome": "None", "interestExpense": "326000000", "nonInterestIncome": "41118000000", "otherNonOperatingIncome": "None", "depreciation": "None", "depreciationAndAmortization": "593000000", "incomeBeforeTax": "6318000000", "incomeTaxExpense": "1511000000", "interestAndDebtExpense": "326000000", "netIncomeFromContinuingOperations": "4807000000", "comprehensiveIncomeNetOfTax": "4830000000", "ebit": "6644000000", "ebitda": "7237000000", "netIncome": "4807000000"}, {"fiscalDateEnding": "2021-05-02", "reportedCurrency": "USD", "grossProfit": "12742000000", "totalRevenue": "37500000000", "costOfRevenue": "24758000000", "costofGoodsAndServicesSold": "None", "operatingIncome": "5781000000", "sellingGeneralAndAdministrative": "6374000000", "researchAndDevelopment": "None", "operatingExpenses": "6961000000", "investmentIncomeNet": "6000000", "netInterestIncome": "-339000000", "interestIncome": "None", "interestExpense": "339000000", "nonInterestIncome": "37500000000", "otherNonOperatingIncome": "None", "depreciation": "None", "depreciationAndAmortization": "587000000", "incomeBeforeTax": "5448000000", "incomeTaxExpense": "1303000000", "interestAndDebtExpense": "339000000", "netIncomeFromContinuingOperations": "4145000000", "comprehensiveIncomeNetOfTax": "4208000000", "ebit": "5787000000", "ebitda": "6374000000", "netIncome": "4145000000"}, {"fiscalDateEnding": "2021-01-31", "reportedCurrency": "USD", "grossProfit": "10831000000", "totalRevenue": "32261000000", "costOfRevenue": "21430000000", "costofGoodsAndServicesSold": "None", "operatingIncome": "4083000000", "sellingGeneralAndAdministrative": "6187000000", "researchAndDevelopment": "None", "operatingExpenses": "6748000000", "investmentIncomeNet": "None", "netInterestIncome": "None", "interestIncome": "None", "interestExpense": "337000000", "nonInterestIncome": "None", "otherNonOperatingIncome": "None", "depreciation": "None", "depreciationAndAmortization": "561000000", "incomeBeforeTax": "3756000000", "incomeTaxExpense": "899000000", "interestAndDebtExpense": "None", "netIncomeFromContinuingOperations": "None", "comprehensiveIncomeNetOfTax": "3151000000", "ebit": "4093000000", "ebitda": "4654000000", "netIncome": "2857000000"}, {"fiscalDateEnding": "2020-11-01", "reportedCurrency": "USD", "grossProfit": "11456000000", "totalRevenue": "33536000000", "costOfRevenue": "22080000000", "costofGoodsAndServicesSold": "None", "operatingIncome": "4852000000", "sellingGeneralAndAdministrative": "6076000000", "researchAndDevelopment": "None", "operatingExpenses": "6604000000", "investmentIncomeNet": "None", "netInterestIncome": "None", "interestIncome": "None", "interestExpense": "340000000", "nonInterestIncome": "None", "otherNonOperatingIncome": "None", "depreciation": "None", "depreciationAndAmortization": "528000000", "incomeBeforeTax": "4523000000", "incomeTaxExpense": "1091000000", "interestAndDebtExpense": "None", "netIncomeFromContinuingOperations": "None", "comprehensiveIncomeNetOfTax": "3479000000", "ebit": "4863000000", "ebitda": "5391000000", "netIncome": "3432000000"}, {"fiscalDateEnding": "2020-08-02", "reportedCurrency": "USD", "grossProfit": "12941000000", "totalRevenue": "38053000000", "costOfRevenue": "25112000000", "costofGoodsAndServicesSold": "None", "operatingIncome": "6067000000", "sellingGeneralAndAdministrative": "6355000000", "researchAndDevelopment": "None", "operatingExpenses": "6874000000", "investmentIncomeNet": "9000000", "netInterestIncome": "-346000000", "interestIncome": "None", "interestExpense": "346000000", "nonInterestIncome": "38053000000", "otherNonOperatingIncome": "None", "depreciation": "None", "depreciationAndAmortization": "519000000", "incomeBeforeTax": "5730000000", "incomeTaxExpense": "1398000000", "interestAndDebtExpense": "346000000", "netIncomeFromContinuingOperations": "4332000000", "comprehensiveIncomeNetOfTax": "4468000000", "ebit": "6076000000", "ebitda": "6595000000", "netIncome": "4332000000"}, {"fiscalDateEnding": "2020-05-03", "reportedCurrency": "USD", "grossProfit": "9625000000", "totalRevenue": "28260000000", "costOfRevenue": "18635000000", "costofGoodsAndServicesSold": "None", "operatingIncome": "3276000000", "sellingGeneralAndAdministrative": "5829000000", "researchAndDevelopment": "None", "operatingExpenses": "6349000000", "investmentIncomeNet": "17000000", "netInterestIncome": "-324000000", "interestIncome": "None", "interestExpense": "324000000", "nonInterestIncome": "28260000000", "otherNonOperatingIncome": "None", "depreciation": "None", "depreciationAndAmortization": "520000000", "incomeBeforeTax": "2969000000", "incomeTaxExpense": "724000000", "interestAndDebtExpense": "324000000", "netIncomeFromContinuingOperations": "2245000000", "comprehensiveIncomeNetOfTax": "1836000000", "ebit": "3293000000", "ebitda": "3813000000", "netIncome": "2245000000"}, {"fiscalDateEnding": "2020-02-02", "reportedCurrency": "USD", "grossProfit": "8736000000", "totalRevenue": "25782000000", "costOfRevenue": "17046000000", "costofGoodsAndServicesSold": "None", "operatingIncome": "3403000000", "sellingGeneralAndAdministrative": "4814000000", "researchAndDevelopment": "None", "operatingExpenses": "5333000000", "investmentIncomeNet": "None", "netInterestIncome": "-309000000", "interestIncome": "None", "interestExpense": "309000000", "nonInterestIncome": "25782000000", "otherNonOperatingIncome": "None", "depreciation": "None", "depreciationAndAmortization": "519000000", "incomeBeforeTax": "3111000000", "incomeTaxExpense": "630000000", "interestAndDebtExpense": "309000000", "netIncomeFromContinuingOperations": "2481000000", "comprehensiveIncomeNetOfTax": "2543000000", "ebit": "3420000000", "ebitda": "3939000000", "netIncome": "2481000000"}, {"fiscalDateEnding": "2019-11-03", "reportedCurrency": "USD", "grossProfit": "9387000000", "totalRevenue": "27223000000", "costOfRevenue": "17836000000", "costofGoodsAndServicesSold": "None", "operatingIncome": "3947000000", "sellingGeneralAndAdministrative": "4942000000", "researchAndDevelopment": "None", "operatingExpenses": "5440000000", "investmentIncomeNet": "22000000", "netInterestIncome": "-302000000", "interestIncome": "None", "interestExpense": "302000000", "nonInterestIncome": "27223000000", "otherNonOperatingIncome": "None", "depreciation": "None", "depreciationAndAmortization": "498000000", "incomeBeforeTax": "3667000000", "incomeTaxExpense": "898000000", "interestAndDebtExpense": "302000000", "netIncomeFromContinuingOperations": "9387000000", "comprehensiveIncomeNetOfTax": "2744000000", "ebit": "3969000000", "ebitda": "4467000000", "netIncome": "2769000000"}, {"fiscalDateEnding": "2019-08-04", "reportedCurrency": "USD", "grossProfit": "10432000000", "totalRevenue": "30839000000", "costOfRevenue": "20407000000", "costofGoodsAndServicesSold": "None", "operatingIncome": "4896000000", "sellingGeneralAndAdministrative": "5044000000", "researchAndDevelopment": "None", "operatingExpenses": "5536000000", "investmentIncomeNet": "19000000", "netInterestIncome": "-302000000", "interestIncome": "None", "interestExpense": "302000000", "nonInterestIncome": "30839000000", "otherNonOperatingIncome": "None", "depreciation": "None", "depreciationAndAmortization": "492000000", "incomeBeforeTax": "4613000000", "incomeTaxExpense": "1134000000", "interestAndDebtExpense": "302000000", "netIncomeFromContinuingOperations": "10432000000", "comprehensiveIncomeNetOfTax": "3538000000", "ebit": "4915000000", "ebitda": "5407000000", "netIncome": "3479000000"}, {"fiscalDateEnding": "2019-05-05", "reportedCurrency": "USD", "grossProfit": "9017000000", "totalRevenue": "26381000000", "costOfRevenue": "17364000000", "costofGoodsAndServicesSold": "None", "operatingIncome": "3597000000", "sellingGeneralAndAdministrative": "4940000000", "researchAndDevelopment": "None", "operatingExpenses": "5420000000", "investmentIncomeNet": "15000000", "netInterestIncome": "-288000000", "interestIncome": "None", "interestExpense": "288000000", "nonInterestIncome": "26381000000", "otherNonOperatingIncome": "None", "depreciation": "None", "depreciationAndAmortization": "480000000", "incomeBeforeTax": "3324000000", "incomeTaxExpense": "811000000", "interestAndDebtExpense": "288000000", "netIncomeFromContinuingOperations": "9017000000", "comprehensiveIncomeNetOfTax": "2481000000", "ebit": "3612000000", "ebitda": "4092000000", "netIncome": "2513000000"}, {"fiscalDateEnding": "2019-02-03", "reportedCurrency": "USD", "grossProfit": "9027000000", "totalRevenue": "26491000000", "costOfRevenue": "17464000000", "costofGoodsAndServicesSold": "None", "operatingIncome": "3378000000", "sellingGeneralAndAdministrative": "4922000000", "researchAndDevelopment": "None", "operatingExpenses": "5649000000", "investmentIncomeNet": "None", "netInterestIncome": "-269000000", "interestIncome": "None", "interestExpense": "269000000", "nonInterestIncome": "26491000000", "otherNonOperatingIncome": "None", "depreciation": "None", "depreciationAndAmortization": "480000000", "incomeBeforeTax": "3113000000", "incomeTaxExpense": "769000000", "interestAndDebtExpense": "269000000", "netIncomeFromContinuingOperations": "9027000000", "comprehensiveIncomeNetOfTax": "2289000000", "ebit": "3382000000", "ebitda": "3862000000", "netIncome": "2344000000"}, {"fiscalDateEnding": "2018-10-28", "reportedCurrency": "USD", "grossProfit": "9151000000", "totalRevenue": "26302000000", "costOfRevenue": "17151000000", "costofGoodsAndServicesSold": "None", "operatingIncome": "3870000000", "sellingGeneralAndAdministrative": "4808000000", "researchAndDevelopment": "None", "operatingExpenses": "5281000000", "investmentIncomeNet": "25000000", "netInterestIncome": "-249000000", "interestIncome": "None", "interestExpense": "249000000", "nonInterestIncome": "26302000000", "otherNonOperatingIncome": "None", "depreciation": "None", "depreciationAndAmortization": "473000000", "incomeBeforeTax": "3646000000", "incomeTaxExpense": "779000000", "interestAndDebtExpense": "249000000", "netIncomeFromContinuingOperations": "2867000000", "comprehensiveIncomeNetOfTax": "2924000000", "ebit": "3895000000", "ebitda": "4368000000", "netIncome": "2867000000"}, {"fiscalDateEnding": "2018-07-29", "reportedCurrency": "USD", "grossProfit": "10365000000", "totalRevenue": "30463000000", "costOfRevenue": "20098000000", "costofGoodsAndServicesSold": "None", "operatingIncome": "4901000000", "sellingGeneralAndAdministrative": "5004000000", "researchAndDevelopment": "None", "operatingExpenses": "5464000000", "investmentIncomeNet": "26000000", "netInterestIncome": "-272000000", "interestIncome": "None", "interestExpense": "272000000", "nonInterestIncome": "30463000000", "otherNonOperatingIncome": "None", "depreciation": "None", "depreciationAndAmortization": "460000000", "incomeBeforeTax": "4655000000", "incomeTaxExpense": "1149000000", "interestAndDebtExpense": "272000000", "netIncomeFromContinuingOperations": "3506000000", "comprehensiveIncomeNetOfTax": "3328000000", "ebit": "4927000000", "ebitda": "5387000000", "netIncome": "3506000000"}, {"fiscalDateEnding": "2018-04-29", "reportedCurrency": "USD", "grossProfit": "8617000000", "totalRevenue": "24947000000", "costOfRevenue": "16330000000", "costofGoodsAndServicesSold": "None", "operatingIncome": "3381000000", "sellingGeneralAndAdministrative": "4779000000", "researchAndDevelopment": "None", "operatingExpenses": "5236000000", "investmentIncomeNet": "22000000", "netInterestIncome": "-261000000", "interestIncome": "None", "interestExpense": "261000000", "nonInterestIncome": "24947000000", "otherNonOperatingIncome": "None", "depreciation": "None", "depreciationAndAmortization": "457000000", "incomeBeforeTax": "3142000000", "incomeTaxExpense": "738000000", "interestAndDebtExpense": "261000000", "netIncomeFromContinuingOperations": "2404000000", "comprehensiveIncomeNetOfTax": "2374000000", "ebit": "3403000000", "ebitda": "3860000000", "netIncome": "2404000000"}, {"fiscalDateEnding": "2018-01-28", "reportedCurrency": "USD", "grossProfit": "8093000000", "totalRevenue": "23883000000", "costOfRevenue": "15790000000", "costofGoodsAndServicesSold": "None", "operatingIncome": "3189000000", "sellingGeneralAndAdministrative": "4440000000", "researchAndDevelopment": "None", "operatingExpenses": "4904000000", "investmentIncomeNet": "None", "netInterestIncome": "-269000000", "interestIncome": "None", "interestExpense": "269000000", "nonInterestIncome": "23883000000", "otherNonOperatingIncome": "None", "depreciation": "None", "depreciationAndAmortization": "464000000", "incomeBeforeTax": "2943000000", "incomeTaxExpense": "1164000000", "interestAndDebtExpense": "269000000", "netIncomeFromContinuingOperations": "8093000000", "comprehensiveIncomeNetOfTax": "1842000000", "ebit": "3212000000", "ebitda": "3676000000", "netIncome": "1779000000"}, {"fiscalDateEnding": "2017-10-29", "reportedCurrency": "USD", "grossProfit": "8648000000", "totalRevenue": "25026000000", "costOfRevenue": "16378000000", "costofGoodsAndServicesSold": "None", "operatingIncome": "3680000000", "sellingGeneralAndAdministrative": "4514000000", "researchAndDevelopment": "None", "operatingExpenses": "4968000000", "investmentIncomeNet": "22000000", "netInterestIncome": "-269000000", "interestIncome": "None", "interestExpense": "269000000", "nonInterestIncome": "25026000000", "otherNonOperatingIncome": "None", "depreciation": "None", "depreciationAndAmortization": "454000000", "incomeBeforeTax": "3433000000", "incomeTaxExpense": "1268000000", "interestAndDebtExpense": "269000000", "netIncomeFromContinuingOperations": "2165000000", "comprehensiveIncomeNetOfTax": "2018000000", "ebit": "3702000000", "ebitda": "4156000000", "netIncome": "2165000000"}, {"fiscalDateEnding": "2017-07-30", "reportedCurrency": "USD", "grossProfit": "9461000000", "totalRevenue": "28108000000", "costOfRevenue": "18647000000", "costofGoodsAndServicesSold": "None", "operatingIncome": "4463000000", "sellingGeneralAndAdministrative": "4549000000", "researchAndDevelopment": "None", "operatingExpenses": "4998000000", "investmentIncomeNet": "16000000", "netInterestIncome": "-265000000", "interestIncome": "None", "interestExpense": "265000000", "nonInterestIncome": "28108000000", "otherNonOperatingIncome": "None", "depreciation": "None", "depreciationAndAmortization": "449000000", "incomeBeforeTax": "4214000000", "incomeTaxExpense": "1542000000", "interestAndDebtExpense": "265000000", "netIncomeFromContinuingOperations": "2672000000", "comprehensiveIncomeNetOfTax": "3113000000", "ebit": "4479000000", "ebitda": "4928000000", "netIncome": "2672000000"}, {"fiscalDateEnding": "2017-04-30", "reportedCurrency": "USD", "grossProfit": "8154000000", "totalRevenue": "23887000000", "costOfRevenue": "15733000000", "costofGoodsAndServicesSold": "None", "operatingIncome": "3349000000", "sellingGeneralAndAdministrative": "4361000000", "researchAndDevelopment": "None", "operatingExpenses": "4805000000", "investmentIncomeNet": "13000000", "netInterestIncome": "-254000000", "interestIncome": "None", "interestExpense": "254000000", "nonInterestIncome": "23887000000", "otherNonOperatingIncome": "None", "depreciation": "None", "depreciationAndAmortization": "444000000", "incomeBeforeTax": "3108000000", "incomeTaxExpense": "1094000000", "interestAndDebtExpense": "254000000", "netIncomeFromContinuingOperations": "2014000000", "comprehensiveIncomeNetOfTax": "1958000000", "ebit": "3362000000", "ebitda": "3806000000", "netIncome": "2014000000"}, {"fiscalDateEnding": "2017-01-29", "reportedCurrency": "USD", "grossProfit": "7553000000", "totalRevenue": "22207000000", "costOfRevenue": "14654000000", "costofGoodsAndServicesSold": "None", "operatingIncome": "2927000000", "sellingGeneralAndAdministrative": "4183000000", "researchAndDevelopment": "None", "operatingExpenses": "4626000000", "investmentIncomeNet": "None", "netInterestIncome": "-246000000", "interestIncome": "None", "interestExpense": "246000000", "nonInterestIncome": "None", "otherNonOperatingIncome": "None", "depreciation": "None", "depreciationAndAmortization": "443000000", "incomeBeforeTax": "2692000000", "incomeTaxExpense": "948000000", "interestAndDebtExpense": "246000000", "netIncomeFromContinuingOperations": "7553000000", "comprehensiveIncomeNetOfTax": "1760000000", "ebit": "2938000000", "ebitda": "3381000000", "netIncome": "1744000000"}, {"fiscalDateEnding": "2016-10-30", "reportedCurrency": "USD", "grossProfit": "8042000000", "totalRevenue": "23154000000", "costOfRevenue": "15112000000", "costofGoodsAndServicesSold": "None", "operatingIncome": "3320000000", "sellingGeneralAndAdministrative": "4280000000", "researchAndDevelopment": "None", "operatingExpenses": "4722000000", "investmentIncomeNet": "None", "netInterestIncome": "-246000000", "interestIncome": "None", "interestExpense": "246000000", "nonInterestIncome": "None", "otherNonOperatingIncome": "None", "depreciation": "None", "depreciationAndAmortization": "442000000", "incomeBeforeTax": "3084000000", "incomeTaxExpense": "1115000000", "interestAndDebtExpense": "246000000", "netIncomeFromContinuingOperations": "1969000000", "comprehensiveIncomeNetOfTax": "1864000000", "ebit": "3330000000", "ebitda": "3772000000", "netIncome": "1969000000"}]}