{"symbol": "HES", "annualReports": [{"fiscalDateEnding": "2020-12-31", "reportedCurrency": "USD", "grossProfit": "2217000000", "totalRevenue": "4804000000", "costOfRevenue": "2587000000", "costofGoodsAndServicesSold": "3416000000", "operatingIncome": "1215000000", "sellingGeneralAndAdministrative": "357000000", "researchAndDevelopment": "None", "operatingExpenses": "1488000000", "investmentIncomeNet": "None", "netInterestIncome": "-468000000", "interestIncome": "-468000000", "interestExpense": "468000000", "nonInterestIncome": "4181000000", "otherNonOperatingIncome": "50000000", "depreciation": "None", "depreciationAndAmortization": "31000000", "incomeBeforeTax": "-3104000000", "incomeTaxExpense": "-11000000", "interestAndDebtExpense": "468000000", "netIncomeFromContinuingOperations": "-3093000000", "comprehensiveIncomeNetOfTax": "-3149000000", "ebit": "-2636000000", "ebitda": "-2605000000", "netIncome": "-3093000000"}, {"fiscalDateEnding": "2019-12-31", "reportedCurrency": "USD", "grossProfit": "5920000000", "totalRevenue": "6510000000", "costOfRevenue": "590000000", "costofGoodsAndServicesSold": "5279000000", "operatingIncome": "4325000000", "sellingGeneralAndAdministrative": "397000000", "researchAndDevelopment": "None", "operatingExpenses": "1612000000", "investmentIncomeNet": "None", "netInterestIncome": "-380000000", "interestIncome": "-377000000", "interestExpense": "380000000", "nonInterestIncome": "6478000000", "otherNonOperatingIncome": "-7000000", "depreciation": "None", "depreciationAndAmortization": "43000000", "incomeBeforeTax": "53000000", "incomeTaxExpense": "461000000", "interestAndDebtExpense": "380000000", "netIncomeFromContinuingOperations": "-408000000", "comprehensiveIncomeNetOfTax": "-801000000", "ebit": "433000000", "ebitda": "476000000", "netIncome": "-408000000"}, {"fiscalDateEnding": "2018-12-31", "reportedCurrency": "USD", "grossProfit": "5845000000", "totalRevenue": "6466000000", "costOfRevenue": "621000000", "costofGoodsAndServicesSold": "4959000000", "operatingIncome": "4103000000", "sellingGeneralAndAdministrative": "473000000", "researchAndDevelopment": "None", "operatingExpenses": "1575000000", "investmentIncomeNet": "None", "netInterestIncome": "-399000000", "interestIncome": "-404000000", "interestExpense": "399000000", "nonInterestIncome": "6445000000", "otherNonOperatingIncome": "111000000", "depreciation": "None", "depreciationAndAmortization": "None", "incomeBeforeTax": "53000000", "incomeTaxExpense": "335000000", "interestAndDebtExpense": "452000000", "netIncomeFromContinuingOperations": "-282000000", "comprehensiveIncomeNetOfTax": "199000000", "ebit": "452000000", "ebitda": "452000000", "netIncome": "-282000000"}, {"fiscalDateEnding": "2017-12-31", "reportedCurrency": "USD", "grossProfit": "-628000000", "totalRevenue": "5391000000", "costOfRevenue": "6033000000", "costofGoodsAndServicesSold": "1267000000", "operatingIncome": "-2507000000", "sellingGeneralAndAdministrative": "434000000", "researchAndDevelopment": "None", "operatingExpenses": "1965000000", "investmentIncomeNet": "None", "netInterestIncome": "-325000000", "interestIncome": "-310000000", "interestExpense": "325000000", "nonInterestIncome": "-76000000", "otherNonOperatingIncome": "11000000", "depreciation": "None", "depreciationAndAmortization": "None", "incomeBeforeTax": "-5911000000", "incomeTaxExpense": "-1837000000", "interestAndDebtExpense": "325000000", "netIncomeFromContinuingOperations": "-4074000000", "comprehensiveIncomeNetOfTax": "-3056000000", "ebit": "-5586000000", "ebitda": "-5586000000", "netIncome": "-4074000000"}, {"fiscalDateEnding": "2016-12-31", "reportedCurrency": "USD", "grossProfit": "3127000000", "totalRevenue": "4839000000", "costOfRevenue": "1717000000", "costofGoodsAndServicesSold": "1063000000", "operatingIncome": "832000000", "sellingGeneralAndAdministrative": "415000000", "researchAndDevelopment": "None", "operatingExpenses": "2272000000", "investmentIncomeNet": "None", "netInterestIncome": "-338000000", "interestIncome": "-312000000", "interestExpense": "338000000", "nonInterestIncome": "-120000000", "otherNonOperatingIncome": "54000000", "depreciation": "None", "depreciationAndAmortization": "None", "incomeBeforeTax": "-3910000000", "incomeTaxExpense": "2222000000", "interestAndDebtExpense": "486000000", "netIncomeFromContinuingOperations": "-6132000000", "comprehensiveIncomeNetOfTax": "-6172000000", "ebit": "-3572000000", "ebitda": "-3572000000", "netIncome": "-6132000000"}], "quarterlyReports": [{"fiscalDateEnding": "2021-09-30", "reportedCurrency": "USD", "grossProfit": "1734000000", "totalRevenue": "1811000000", "costOfRevenue": "77000000", "costofGoodsAndServicesSold": "724000000", "operatingIncome": "1261000000", "sellingGeneralAndAdministrative": "76000000", "researchAndDevelopment": "None", "operatingExpenses": "380000000", "investmentIncomeNet": "None", "netInterestIncome": "-125000000", "interestIncome": "-125000000", "interestExpense": "125000000", "nonInterestIncome": "1852000000", "otherNonOperatingIncome": "23000000", "depreciation": "None", "depreciationAndAmortization": "351000000", "incomeBeforeTax": "258000000", "incomeTaxExpense": "143000000", "interestAndDebtExpense": "125000000", "netIncomeFromContinuingOperations": "185000000", "comprehensiveIncomeNetOfTax": "155000000", "ebit": "383000000", "ebitda": "734000000", "netIncome": "115000000"}, {"fiscalDateEnding": "2021-06-30", "reportedCurrency": "USD", "grossProfit": "1511000000", "totalRevenue": "1598000000", "costOfRevenue": "87000000", "costofGoodsAndServicesSold": "744000000", "operatingIncome": "1045000000", "sellingGeneralAndAdministrative": "84000000", "researchAndDevelopment": "None", "operatingExpenses": "399000000", "investmentIncomeNet": "None", "netInterestIncome": "-118000000", "interestIncome": "-118000000", "interestExpense": "118000000", "nonInterestIncome": "1646000000", "otherNonOperatingIncome": "19000000", "depreciation": "None", "depreciationAndAmortization": "394000000", "incomeBeforeTax": "49000000", "incomeTaxExpense": "122000000", "interestAndDebtExpense": "118000000", "netIncomeFromContinuingOperations": "13000000", "comprehensiveIncomeNetOfTax": "-133000000", "ebit": "167000000", "ebitda": "561000000", "netIncome": "-73000000"}, {"fiscalDateEnding": "2021-03-31", "reportedCurrency": "USD", "grossProfit": "1820000000", "totalRevenue": "1919000000", "costOfRevenue": "99000000", "costofGoodsAndServicesSold": "698000000", "operatingIncome": "1412000000", "sellingGeneralAndAdministrative": "94000000", "researchAndDevelopment": "None", "operatingExpenses": "359000000", "investmentIncomeNet": "None", "netInterestIncome": "-117000000", "interestIncome": "-117000000", "interestExpense": "117000000", "nonInterestIncome": "1947000000", "otherNonOperatingIncome": "21000000", "depreciation": "None", "depreciationAndAmortization": "2072412", "incomeBeforeTax": "375000000", "incomeTaxExpense": "123000000", "interestAndDebtExpense": "117000000", "netIncomeFromContinuingOperations": "336000000", "comprehensiveIncomeNetOfTax": "231000000", "ebit": "492000000", "ebitda": "492000000", "netIncome": "252000000"}, {"fiscalDateEnding": "2020-12-31", "reportedCurrency": "USD", "grossProfit": "1284000000", "totalRevenue": "1417000000", "costOfRevenue": "133000000", "costofGoodsAndServicesSold": "831000000", "operatingIncome": "1027000000", "sellingGeneralAndAdministrative": "82000000", "researchAndDevelopment": "None", "operatingExpenses": "316000000", "investmentIncomeNet": "None", "netInterestIncome": "-118000000", "interestIncome": "-118000000", "interestExpense": "118000000", "nonInterestIncome": "1262000000", "otherNonOperatingIncome": "17000000", "depreciation": "None", "depreciationAndAmortization": "2072412", "incomeBeforeTax": "-25000000", "incomeTaxExpense": "72000000", "interestAndDebtExpense": "118000000", "netIncomeFromContinuingOperations": "-281000000", "comprehensiveIncomeNetOfTax": "-489000000", "ebit": "93000000", "ebitda": "95072412", "netIncome": "-97000000"}, {"fiscalDateEnding": "2020-09-30", "reportedCurrency": "USD", "grossProfit": "1065000000", "totalRevenue": "1176000000", "costOfRevenue": "111000000", "costofGoodsAndServicesSold": "0", "operatingIncome": "817000000", "sellingGeneralAndAdministrative": "84000000", "researchAndDevelopment": "None", "operatingExpenses": "392000000", "investmentIncomeNet": "None", "netInterestIncome": "-118000000", "interestIncome": "-117000000", "interestExpense": "118000000", "nonInterestIncome": "1015000000", "otherNonOperatingIncome": "17000000", "depreciation": "None", "depreciationAndAmortization": "1588", "incomeBeforeTax": "-238000000", "incomeTaxExpense": "5000000", "interestAndDebtExpense": "118000000", "netIncomeFromContinuingOperations": "-183000000", "comprehensiveIncomeNetOfTax": "-419000000", "ebit": "-120000000", "ebitda": "-120000000", "netIncome": "-243000000"}, {"fiscalDateEnding": "2020-06-30", "reportedCurrency": "USD", "grossProfit": "753000000", "totalRevenue": "842000000", "costOfRevenue": "89000000", "costofGoodsAndServicesSold": "0", "operatingIncome": "594000000", "sellingGeneralAndAdministrative": "89000000", "researchAndDevelopment": "None", "operatingExpenses": "375000000", "investmentIncomeNet": "None", "netInterestIncome": "-119000000", "interestIncome": "-117000000", "interestExpense": "119000000", "nonInterestIncome": "617000000", "otherNonOperatingIncome": "9000000", "depreciation": "None", "depreciationAndAmortization": "None", "incomeBeforeTax": "-329000000", "incomeTaxExpense": "-9000000", "interestAndDebtExpense": "119000000", "netIncomeFromContinuingOperations": "-263000000", "comprehensiveIncomeNetOfTax": "-746000000", "ebit": "-210000000", "ebitda": "-210000000", "netIncome": "-320000000"}, {"fiscalDateEnding": "2020-03-31", "reportedCurrency": "USD", "grossProfit": "-912000000", "totalRevenue": "1369000000", "costOfRevenue": "2281000000", "costofGoodsAndServicesSold": "53000000", "operatingIncome": "-1250000000", "sellingGeneralAndAdministrative": "102000000", "researchAndDevelopment": "None", "operatingExpenses": "405000000", "investmentIncomeNet": "None", "netInterestIncome": "-113000000", "interestIncome": "-112000000", "interestExpense": "113000000", "nonInterestIncome": "1287000000", "otherNonOperatingIncome": "15000000", "depreciation": "None", "depreciationAndAmortization": "None", "incomeBeforeTax": "-2512000000", "incomeTaxExpense": "-79000000", "interestAndDebtExpense": "113000000", "netIncomeFromContinuingOperations": "-2433000000", "comprehensiveIncomeNetOfTax": "-1495000000", "ebit": "-2399000000", "ebitda": "-2399000000", "netIncome": "-2433000000"}, {"fiscalDateEnding": "2019-12-31", "reportedCurrency": "USD", "grossProfit": "1521000000", "totalRevenue": "1699000000", "costOfRevenue": "178000000", "costofGoodsAndServicesSold": "1431000000", "operatingIncome": "1058000000", "sellingGeneralAndAdministrative": "131000000", "researchAndDevelopment": "None", "operatingExpenses": "496000000", "investmentIncomeNet": "None", "netInterestIncome": "-95000000", "interestIncome": "-88000000", "interestExpense": "95000000", "nonInterestIncome": "1650000000", "otherNonOperatingIncome": "16000000", "depreciation": "None", "depreciationAndAmortization": "9000000", "incomeBeforeTax": "-103000000", "incomeTaxExpense": "119000000", "interestAndDebtExpense": "95000000", "netIncomeFromContinuingOperations": "-222000000", "comprehensiveIncomeNetOfTax": "-145000000", "ebit": "-8000000", "ebitda": "1000000", "netIncome": "-222000000"}, {"fiscalDateEnding": "2019-09-30", "reportedCurrency": "USD", "grossProfit": "1327000000", "totalRevenue": "1515000000", "costOfRevenue": "188000000", "costofGoodsAndServicesSold": "1335000000", "operatingIncome": "918000000", "sellingGeneralAndAdministrative": "90000000", "researchAndDevelopment": "None", "operatingExpenses": "411000000", "investmentIncomeNet": "None", "netInterestIncome": "-90000000", "interestIncome": "-91000000", "interestExpense": "90000000", "nonInterestIncome": "1578000000", "otherNonOperatingIncome": "-65000000", "depreciation": "None", "depreciationAndAmortization": "10000000", "incomeBeforeTax": "-96000000", "incomeTaxExpense": "116000000", "interestAndDebtExpense": "90000000", "netIncomeFromContinuingOperations": "-212000000", "comprehensiveIncomeNetOfTax": "-340000000", "ebit": "-6000000", "ebitda": "4000000", "netIncome": "-212000000"}, {"fiscalDateEnding": "2019-06-30", "reportedCurrency": "USD", "grossProfit": "1608000000", "totalRevenue": "1697000000", "costOfRevenue": "89000000", "costofGoodsAndServicesSold": "1302000000", "operatingIncome": "1223000000", "sellingGeneralAndAdministrative": "89000000", "researchAndDevelopment": "None", "operatingExpenses": "352000000", "investmentIncomeNet": "None", "netInterestIncome": "-97000000", "interestIncome": "-99000000", "interestExpense": "97000000", "nonInterestIncome": "1693000000", "otherNonOperatingIncome": "15000000", "depreciation": "None", "depreciationAndAmortization": "None", "incomeBeforeTax": "126000000", "incomeTaxExpense": "132000000", "interestAndDebtExpense": "97000000", "netIncomeFromContinuingOperations": "-6000000", "comprehensiveIncomeNetOfTax": "-4000000", "ebit": "223000000", "ebitda": "223000000", "netIncome": "-6000000"}, {"fiscalDateEnding": "2019-03-31", "reportedCurrency": "USD", "grossProfit": "1505000000", "totalRevenue": "1599000000", "costOfRevenue": "94000000", "costofGoodsAndServicesSold": "1211000000", "operatingIncome": "1167000000", "sellingGeneralAndAdministrative": "87000000", "researchAndDevelopment": "None", "operatingExpenses": "353000000", "investmentIncomeNet": "None", "netInterestIncome": "-98000000", "interestIncome": "-103000000", "interestExpense": "98000000", "nonInterestIncome": "1557000000", "otherNonOperatingIncome": "27000000", "depreciation": "None", "depreciationAndAmortization": "None", "incomeBeforeTax": "126000000", "incomeTaxExpense": "94000000", "interestAndDebtExpense": "98000000", "netIncomeFromContinuingOperations": "32000000", "comprehensiveIncomeNetOfTax": "-312000000", "ebit": "224000000", "ebitda": "224000000", "netIncome": "32000000"}, {"fiscalDateEnding": "2018-12-31", "reportedCurrency": "USD", "grossProfit": "1482000000", "totalRevenue": "1682000000", "costOfRevenue": "200000000", "costofGoodsAndServicesSold": "1340000000", "operatingIncome": "1093000000", "sellingGeneralAndAdministrative": "91000000", "researchAndDevelopment": "None", "operatingExpenses": "383000000", "investmentIncomeNet": "None", "netInterestIncome": "-99000000", "interestIncome": "None", "interestExpense": "99000000", "nonInterestIncome": "1664000000", "otherNonOperatingIncome": "32000000", "depreciation": "None", "depreciationAndAmortization": "None", "incomeBeforeTax": "23000000", "incomeTaxExpense": "27000000", "interestAndDebtExpense": "99000000", "netIncomeFromContinuingOperations": "-4000000", "comprehensiveIncomeNetOfTax": "292000000", "ebit": "122000000", "ebitda": "122000000", "netIncome": "-4000000"}, {"fiscalDateEnding": "2018-09-30", "reportedCurrency": "USD", "grossProfit": "1685000000", "totalRevenue": "1828000000", "costOfRevenue": "143000000", "costofGoodsAndServicesSold": "1293000000", "operatingIncome": "1228000000", "sellingGeneralAndAdministrative": "143000000", "researchAndDevelopment": "None", "operatingExpenses": "395000000", "investmentIncomeNet": "None", "netInterestIncome": "-99000000", "interestIncome": "None", "interestExpense": "99000000", "nonInterestIncome": "1855000000", "otherNonOperatingIncome": "21000000", "depreciation": "None", "depreciationAndAmortization": "None", "incomeBeforeTax": "79000000", "incomeTaxExpense": "121000000", "interestAndDebtExpense": "99000000", "netIncomeFromContinuingOperations": "-42000000", "comprehensiveIncomeNetOfTax": "-22000000", "ebit": "178000000", "ebitda": "178000000", "netIncome": "-42000000"}, {"fiscalDateEnding": "2018-06-30", "reportedCurrency": "USD", "grossProfit": "1437000000", "totalRevenue": "1566000000", "costOfRevenue": "129000000", "costofGoodsAndServicesSold": "1224000000", "operatingIncome": "973000000", "sellingGeneralAndAdministrative": "129000000", "researchAndDevelopment": "None", "operatingExpenses": "406000000", "investmentIncomeNet": "None", "netInterestIncome": "-98000000", "interestIncome": "None", "interestExpense": "98000000", "nonInterestIncome": "1566000000", "otherNonOperatingIncome": "21000000", "depreciation": "None", "depreciationAndAmortization": "None", "incomeBeforeTax": "-16000000", "incomeTaxExpense": "114000000", "interestAndDebtExpense": "124000000", "netIncomeFromContinuingOperations": "-130000000", "comprehensiveIncomeNetOfTax": "-81000000", "ebit": "82000000", "ebitda": "82000000", "netIncome": "-130000000"}, {"fiscalDateEnding": "2018-03-31", "reportedCurrency": "USD", "grossProfit": "866000000", "totalRevenue": "1390000000", "costOfRevenue": "524000000", "costofGoodsAndServicesSold": "358000000", "operatingIncome": "434000000", "sellingGeneralAndAdministrative": "110000000", "researchAndDevelopment": "None", "operatingExpenses": "391000000", "investmentIncomeNet": "None", "netInterestIncome": "-103000000", "interestIncome": "None", "interestExpense": "103000000", "nonInterestIncome": "1367000000", "otherNonOperatingIncome": "37000000", "depreciation": "None", "depreciationAndAmortization": "None", "incomeBeforeTax": "-33000000", "incomeTaxExpense": "73000000", "interestAndDebtExpense": "130000000", "netIncomeFromContinuingOperations": "-106000000", "comprehensiveIncomeNetOfTax": "10000000", "ebit": "70000000", "ebitda": "70000000", "netIncome": "-106000000"}, {"fiscalDateEnding": "2017-12-31", "reportedCurrency": "USD", "grossProfit": "-1123000000", "totalRevenue": "1291000000", "costOfRevenue": "2359000000", "costofGoodsAndServicesSold": "416000000", "operatingIncome": "-1607000000", "sellingGeneralAndAdministrative": "125000000", "researchAndDevelopment": "None", "operatingExpenses": "846000000", "investmentIncomeNet": "None", "netInterestIncome": "-80000000", "interestIncome": "None", "interestExpense": "80000000", "nonInterestIncome": "-352000000", "otherNonOperatingIncome": "-10000000", "depreciation": "None", "depreciationAndAmortization": "None", "incomeBeforeTax": "-2519000000", "incomeTaxExpense": "158000000", "interestAndDebtExpense": "80000000", "netIncomeFromContinuingOperations": "-2768000000", "comprehensiveIncomeNetOfTax": "-1891000000", "ebit": "-2439000000", "ebitda": "-2439000000", "netIncome": "-2677000000"}, {"fiscalDateEnding": "2017-09-30", "reportedCurrency": "USD", "grossProfit": "-1314000000", "totalRevenue": "1644000000", "costOfRevenue": "2980000000", "costofGoodsAndServicesSold": "360000000", "operatingIncome": "-1779000000", "sellingGeneralAndAdministrative": "113000000", "researchAndDevelopment": "None", "operatingExpenses": "191000000", "investmentIncomeNet": "None", "netInterestIncome": "-79000000", "interestIncome": "None", "interestExpense": "79000000", "nonInterestIncome": "274000000", "otherNonOperatingIncome": "22000000", "depreciation": "None", "depreciationAndAmortization": "None", "incomeBeforeTax": "-2598000000", "incomeTaxExpense": "-1974000000", "interestAndDebtExpense": "79000000", "netIncomeFromContinuingOperations": "-593000000", "comprehensiveIncomeNetOfTax": "-578000000", "ebit": "-2519000000", "ebitda": "-2519000000", "netIncome": "-624000000"}, {"fiscalDateEnding": "2017-06-30", "reportedCurrency": "USD", "grossProfit": "849000000", "totalRevenue": "1202000000", "costOfRevenue": "379000000", "costofGoodsAndServicesSold": "272000000", "operatingIncome": "374000000", "sellingGeneralAndAdministrative": "100000000", "researchAndDevelopment": "None", "operatingExpenses": "475000000", "investmentIncomeNet": "None", "netInterestIncome": "-82000000", "interestIncome": "None", "interestExpense": "82000000", "nonInterestIncome": "2000000", "otherNonOperatingIncome": "3000000", "depreciation": "None", "depreciationAndAmortization": "None", "incomeBeforeTax": "-457000000", "incomeTaxExpense": "-8000000", "interestAndDebtExpense": "82000000", "netIncomeFromContinuingOperations": "-417000000", "comprehensiveIncomeNetOfTax": "-300000000", "ebit": "-375000000", "ebitda": "-375000000", "netIncome": "-449000000"}, {"fiscalDateEnding": "2017-03-31", "reportedCurrency": "USD", "grossProfit": "953000000", "totalRevenue": "1254000000", "costOfRevenue": "322000000", "costofGoodsAndServicesSold": "219000000", "operatingIncome": "498000000", "sellingGeneralAndAdministrative": "96000000", "researchAndDevelopment": "None", "operatingExpenses": "455000000", "investmentIncomeNet": "None", "netInterestIncome": "-84000000", "interestIncome": "None", "interestExpense": "84000000", "nonInterestIncome": "0", "otherNonOperatingIncome": "-4000000", "depreciation": "None", "depreciationAndAmortization": "None", "incomeBeforeTax": "-337000000", "incomeTaxExpense": "-13000000", "interestAndDebtExpense": "84000000", "netIncomeFromContinuingOperations": "-296000000", "comprehensiveIncomeNetOfTax": "-287000000", "ebit": "-253000000", "ebitda": "-253000000", "netIncome": "-324000000"}, {"fiscalDateEnding": "2016-12-31", "reportedCurrency": "USD", "grossProfit": "667000000", "totalRevenue": "1381000000", "costOfRevenue": "719000000", "costofGoodsAndServicesSold": "375000000", "operatingIncome": "-6000000", "sellingGeneralAndAdministrative": "105000000", "researchAndDevelopment": "None", "operatingExpenses": "677000000", "investmentIncomeNet": "None", "netInterestIncome": "-84000000", "interestIncome": "None", "interestExpense": "84000000", "nonInterestIncome": "-67000000", "otherNonOperatingIncome": "-3000000", "depreciation": "None", "depreciationAndAmortization": "None", "incomeBeforeTax": "-1703000000", "incomeTaxExpense": "3189000000", "interestAndDebtExpense": "152000000", "netIncomeFromContinuingOperations": "-4892000000", "comprehensiveIncomeNetOfTax": "-5224000000", "ebit": "-1619000000", "ebitda": "-1619000000", "netIncome": "-4892000000"}]}