{"symbol": "HIG", "annualReports": [{"fiscalDateEnding": "2020-12-31", "reportedCurrency": "USD", "grossProfit": "-9690000000", "totalRevenue": "20523000000", "costOfRevenue": "30213000000", "costofGoodsAndServicesSold": "None", "operatingIncome": "-14587000000", "sellingGeneralAndAdministrative": "4480000000", "researchAndDevelopment": "None", "operatingExpenses": "4945000000", "investmentIncomeNet": "-71000000", "netInterestIncome": "-236000000", "interestIncome": "-236000000", "interestExpense": "236000000", "nonInterestIncome": "18600000000", "otherNonOperatingIncome": "None", "depreciation": "None", "depreciationAndAmortization": "313000000", "incomeBeforeTax": "2120000000", "incomeTaxExpense": "383000000", "interestAndDebtExpense": "236000000", "netIncomeFromContinuingOperations": "1737000000", "comprehensiveIncomeNetOfTax": "2855000000", "ebit": "2356000000", "ebitda": "2669000000", "netIncome": "1737000000"}, {"fiscalDateEnding": "2019-12-31", "reportedCurrency": "USD", "grossProfit": "-4234000000", "totalRevenue": "20740000000", "costOfRevenue": "24974000000", "costofGoodsAndServicesSold": "13094000000", "operatingIncome": "-8814000000", "sellingGeneralAndAdministrative": "4580000000", "researchAndDevelopment": "None", "operatingExpenses": "4580000000", "investmentIncomeNet": "-83000000", "netInterestIncome": "-259000000", "interestIncome": "-259000000", "interestExpense": "259000000", "nonInterestIncome": "18237000000", "otherNonOperatingIncome": "None", "depreciation": "None", "depreciationAndAmortization": "283000000", "incomeBeforeTax": "2560000000", "incomeTaxExpense": "475000000", "interestAndDebtExpense": "349000000", "netIncomeFromContinuingOperations": "2085000000", "comprehensiveIncomeNetOfTax": "3716000000", "ebit": "2819000000", "ebitda": "3102000000", "netIncome": "2085000000"}, {"fiscalDateEnding": "2018-12-31", "reportedCurrency": "USD", "grossProfit": "-5177000000", "totalRevenue": "18955000000", "costOfRevenue": "24132000000", "costofGoodsAndServicesSold": "12549000000", "operatingIncome": "-9458000000", "sellingGeneralAndAdministrative": "4281000000", "researchAndDevelopment": "None", "operatingExpenses": "4281000000", "investmentIncomeNet": "-77000000", "netInterestIncome": "-298000000", "interestIncome": "-298000000", "interestExpense": "298000000", "nonInterestIncome": "15868000000", "otherNonOperatingIncome": "None", "depreciation": "None", "depreciationAndAmortization": "232000000", "incomeBeforeTax": "2075000000", "incomeTaxExpense": "268000000", "interestAndDebtExpense": "304000000", "netIncomeFromContinuingOperations": "1485000000", "comprehensiveIncomeNetOfTax": "-430000000", "ebit": "2373000000", "ebitda": "2605000000", "netIncome": "1807000000"}, {"fiscalDateEnding": "2017-12-31", "reportedCurrency": "USD", "grossProfit": "-5116000000", "totalRevenue": "17162000000", "costOfRevenue": "22090000000", "costofGoodsAndServicesSold": "11546000000", "operatingIncome": "-9491000000", "sellingGeneralAndAdministrative": "173000000", "researchAndDevelopment": "None", "operatingExpenses": "4563000000", "investmentIncomeNet": "-71000000", "netInterestIncome": "-316000000", "interestIncome": "-316000000", "interestExpense": "316000000", "nonInterestIncome": "15138000000", "otherNonOperatingIncome": "None", "depreciation": "None", "depreciationAndAmortization": "197000000", "incomeBeforeTax": "-2146000000", "incomeTaxExpense": "985000000", "interestAndDebtExpense": "316000000", "netIncomeFromContinuingOperations": "-262000000", "comprehensiveIncomeNetOfTax": "-2131000000", "ebit": "-1830000000", "ebitda": "-1633000000", "netIncome": "-3131000000"}, {"fiscalDateEnding": "2016-12-31", "reportedCurrency": "USD", "grossProfit": "-6224000000", "totalRevenue": "16291000000", "costOfRevenue": "24524000000", "costofGoodsAndServicesSold": "11338000000", "operatingIncome": "-9857000000", "sellingGeneralAndAdministrative": "134000000", "researchAndDevelopment": "None", "operatingExpenses": "3525000000", "investmentIncomeNet": "-113000000", "netInterestIncome": "-339000000", "interestIncome": "-12000000", "interestExpense": "327000000", "nonInterestIncome": "15375000000", "otherNonOperatingIncome": "-650000000", "depreciation": "None", "depreciationAndAmortization": "186000000", "incomeBeforeTax": "730000000", "incomeTaxExpense": "-166000000", "interestAndDebtExpense": "339000000", "netIncomeFromContinuingOperations": "613000000", "comprehensiveIncomeNetOfTax": "888000000", "ebit": "1057000000", "ebitda": "1243000000", "netIncome": "896000000"}], "quarterlyReports": [{"fiscalDateEnding": "2021-09-30", "reportedCurrency": "USD", "grossProfit": "-2779000000", "totalRevenue": "5686000000", "costOfRevenue": "8465000000", "costofGoodsAndServicesSold": "None", "operatingIncome": "-3985000000", "sellingGeneralAndAdministrative": "1200000000", "researchAndDevelopment": "None", "operatingExpenses": "1206000000", "investmentIncomeNet": "None", "netInterestIncome": "-58000000", "interestIncome": "-58000000", "interestExpense": "58000000", "nonInterestIncome": "4964000000", "otherNonOperatingIncome": "None", "depreciation": "None", "depreciationAndAmortization": "18000000", "incomeBeforeTax": "583000000", "incomeTaxExpense": "101000000", "interestAndDebtExpense": "58000000", "netIncomeFromContinuingOperations": "482000000", "comprehensiveIncomeNetOfTax": "219000000", "ebit": "641000000", "ebitda": "659000000", "netIncome": "482000000"}, {"fiscalDateEnding": "2021-06-30", "reportedCurrency": "USD", "grossProfit": "-1619000000", "totalRevenue": "5589000000", "costOfRevenue": "7208000000", "costofGoodsAndServicesSold": "None", "operatingIncome": "-2838000000", "sellingGeneralAndAdministrative": "1202000000", "researchAndDevelopment": "None", "operatingExpenses": "1219000000", "investmentIncomeNet": "None", "netInterestIncome": "-57000000", "interestIncome": "-57000000", "interestExpense": "57000000", "nonInterestIncome": "4856000000", "otherNonOperatingIncome": "None", "depreciation": "None", "depreciationAndAmortization": "17000000", "incomeBeforeTax": "1110000000", "incomeTaxExpense": "205000000", "interestAndDebtExpense": "57000000", "netIncomeFromContinuingOperations": "905000000", "comprehensiveIncomeNetOfTax": "1211000000", "ebit": "1167000000", "ebitda": "1184000000", "netIncome": "905000000"}, {"fiscalDateEnding": "2021-03-31", "reportedCurrency": "USD", "grossProfit": "-2990000000", "totalRevenue": "5299000000", "costOfRevenue": "8289000000", "costofGoodsAndServicesSold": "None", "operatingIncome": "-4163000000", "sellingGeneralAndAdministrative": "1144000000", "researchAndDevelopment": "None", "operatingExpenses": "1173000000", "investmentIncomeNet": "None", "netInterestIncome": "-57000000", "interestIncome": "-57000000", "interestExpense": "57000000", "nonInterestIncome": "4717000000", "otherNonOperatingIncome": "None", "depreciation": "None", "depreciationAndAmortization": "18000000", "incomeBeforeTax": "303000000", "incomeTaxExpense": "54000000", "interestAndDebtExpense": "57000000", "netIncomeFromContinuingOperations": "249000000", "comprehensiveIncomeNetOfTax": "-657000000", "ebit": "360000000", "ebitda": "378000000", "netIncome": "249000000"}, {"fiscalDateEnding": "2020-12-31", "reportedCurrency": "USD", "grossProfit": "5328000000", "totalRevenue": "5328000000", "costOfRevenue": "7940000000", "costofGoodsAndServicesSold": "None", "operatingIncome": "5328000000", "sellingGeneralAndAdministrative": "1086000000", "researchAndDevelopment": "None", "operatingExpenses": "1460000000", "investmentIncomeNet": "None", "netInterestIncome": "-57000000", "interestIncome": "-57000000", "interestExpense": "57000000", "nonInterestIncome": "4571000000", "otherNonOperatingIncome": "None", "depreciation": "None", "depreciationAndAmortization": "258000000", "incomeBeforeTax": "652000000", "incomeTaxExpense": "115000000", "interestAndDebtExpense": "57000000", "netIncomeFromContinuingOperations": "537000000", "comprehensiveIncomeNetOfTax": "851000000", "ebit": "709000000", "ebitda": "967000000", "netIncome": "537000000"}, {"fiscalDateEnding": "2020-09-30", "reportedCurrency": "USD", "grossProfit": "-2372000000", "totalRevenue": "5171000000", "costOfRevenue": "7543000000", "costofGoodsAndServicesSold": "None", "operatingIncome": "-3570000000", "sellingGeneralAndAdministrative": "1093000000", "researchAndDevelopment": "None", "operatingExpenses": "1147000000", "investmentIncomeNet": "None", "netInterestIncome": "-58000000", "interestIncome": "-58000000", "interestExpense": "58000000", "nonInterestIncome": "4744000000", "otherNonOperatingIncome": "None", "depreciation": "None", "depreciationAndAmortization": "18000000", "incomeBeforeTax": "532000000", "incomeTaxExpense": "73000000", "interestAndDebtExpense": "58000000", "netIncomeFromContinuingOperations": "459000000", "comprehensiveIncomeNetOfTax": "836000000", "ebit": "590000000", "ebitda": "608000000", "netIncome": "459000000"}, {"fiscalDateEnding": "2020-06-30", "reportedCurrency": "USD", "grossProfit": "-2198000000", "totalRevenue": "5068000000", "costOfRevenue": "7266000000", "costofGoodsAndServicesSold": "None", "operatingIncome": "-3341000000", "sellingGeneralAndAdministrative": "1125000000", "researchAndDevelopment": "None", "operatingExpenses": "1143000000", "investmentIncomeNet": "None", "netInterestIncome": "-57000000", "interestIncome": "-57000000", "interestExpense": "57000000", "nonInterestIncome": "4553000000", "otherNonOperatingIncome": "None", "depreciation": "None", "depreciationAndAmortization": "18000000", "incomeBeforeTax": "592000000", "incomeTaxExpense": "124000000", "interestAndDebtExpense": "57000000", "netIncomeFromContinuingOperations": "468000000", "comprehensiveIncomeNetOfTax": "1904000000", "ebit": "649000000", "ebitda": "667000000", "netIncome": "468000000"}, {"fiscalDateEnding": "2020-03-31", "reportedCurrency": "USD", "grossProfit": "-1332000000", "totalRevenue": "4956000000", "costOfRevenue": "6288000000", "costofGoodsAndServicesSold": "None", "operatingIncome": "-2508000000", "sellingGeneralAndAdministrative": "1176000000", "researchAndDevelopment": "None", "operatingExpenses": "1176000000", "investmentIncomeNet": "None", "netInterestIncome": "-64000000", "interestIncome": "-64000000", "interestExpense": "64000000", "nonInterestIncome": "4732000000", "otherNonOperatingIncome": "None", "depreciation": "None", "depreciationAndAmortization": "19000000", "incomeBeforeTax": "344000000", "incomeTaxExpense": "71000000", "interestAndDebtExpense": "64000000", "netIncomeFromContinuingOperations": "273000000", "comprehensiveIncomeNetOfTax": "-736000000", "ebit": "408000000", "ebitda": "427000000", "netIncome": "273000000"}, {"fiscalDateEnding": "2019-12-31", "reportedCurrency": "USD", "grossProfit": "5361000000", "totalRevenue": "5361000000", "costOfRevenue": "6677000000", "costofGoodsAndServicesSold": "3377000000", "operatingIncome": "5361000000", "sellingGeneralAndAdministrative": "1224000000", "researchAndDevelopment": "None", "operatingExpenses": "1224000000", "investmentIncomeNet": "None", "netInterestIncome": "-65000000", "interestIncome": "-65000000", "interestExpense": "65000000", "nonInterestIncome": "4775000000", "otherNonOperatingIncome": "None", "depreciation": "None", "depreciationAndAmortization": "236000000", "incomeBeforeTax": "676000000", "incomeTaxExpense": "128000000", "interestAndDebtExpense": "65000000", "netIncomeFromContinuingOperations": "548000000", "comprehensiveIncomeNetOfTax": "386000000", "ebit": "741000000", "ebitda": "977000000", "netIncome": "548000000"}, {"fiscalDateEnding": "2019-09-30", "reportedCurrency": "USD", "grossProfit": "-937000000", "totalRevenue": "5347000000", "costOfRevenue": "6284000000", "costofGoodsAndServicesSold": "3351000000", "operatingIncome": "-2104000000", "sellingGeneralAndAdministrative": "1167000000", "researchAndDevelopment": "None", "operatingExpenses": "1167000000", "investmentIncomeNet": "None", "netInterestIncome": "-67000000", "interestIncome": "-67000000", "interestExpense": "67000000", "nonInterestIncome": "4663000000", "otherNonOperatingIncome": "None", "depreciation": "None", "depreciationAndAmortization": "19000000", "incomeBeforeTax": "653000000", "incomeTaxExpense": "118000000", "interestAndDebtExpense": "157000000", "netIncomeFromContinuingOperations": "535000000", "comprehensiveIncomeNetOfTax": "947000000", "ebit": "720000000", "ebitda": "739000000", "netIncome": "535000000"}, {"fiscalDateEnding": "2019-06-30", "reportedCurrency": "USD", "grossProfit": "-1183000000", "totalRevenue": "5092000000", "costOfRevenue": "6275000000", "costofGoodsAndServicesSold": "3326000000", "operatingIncome": "-2324000000", "sellingGeneralAndAdministrative": "1141000000", "researchAndDevelopment": "None", "operatingExpenses": "1141000000", "investmentIncomeNet": "None", "netInterestIncome": "-63000000", "interestIncome": "-63000000", "interestExpense": "63000000", "nonInterestIncome": "4520000000", "otherNonOperatingIncome": "None", "depreciation": "None", "depreciationAndAmortization": "15000000", "incomeBeforeTax": "456000000", "incomeTaxExpense": "84000000", "interestAndDebtExpense": "63000000", "netIncomeFromContinuingOperations": "372000000", "comprehensiveIncomeNetOfTax": "1059000000", "ebit": "519000000", "ebitda": "534000000", "netIncome": "372000000"}, {"fiscalDateEnding": "2019-03-31", "reportedCurrency": "USD", "grossProfit": "-798000000", "totalRevenue": "4940000000", "costOfRevenue": "5738000000", "costofGoodsAndServicesSold": "3040000000", "operatingIncome": "-1846000000", "sellingGeneralAndAdministrative": "1048000000", "researchAndDevelopment": "None", "operatingExpenses": "1048000000", "investmentIncomeNet": "None", "netInterestIncome": "-64000000", "interestIncome": "-64000000", "interestExpense": "64000000", "nonInterestIncome": "4279000000", "otherNonOperatingIncome": "None", "depreciation": "None", "depreciationAndAmortization": "13000000", "incomeBeforeTax": "775000000", "incomeTaxExpense": "145000000", "interestAndDebtExpense": "64000000", "netIncomeFromContinuingOperations": "630000000", "comprehensiveIncomeNetOfTax": "1324000000", "ebit": "839000000", "ebitda": "852000000", "netIncome": "630000000"}, {"fiscalDateEnding": "2018-12-31", "reportedCurrency": "USD", "grossProfit": "4633000000", "totalRevenue": "4633000000", "costOfRevenue": "6606000000", "costofGoodsAndServicesSold": "3296000000", "operatingIncome": "4633000000", "sellingGeneralAndAdministrative": "1074000000", "researchAndDevelopment": "None", "operatingExpenses": "1086000000", "investmentIncomeNet": "None", "netInterestIncome": "-70000000", "interestIncome": "None", "interestExpense": "70000000", "nonInterestIncome": "4001000000", "otherNonOperatingIncome": "None", "depreciation": "None", "depreciationAndAmortization": "178000000", "incomeBeforeTax": "167000000", "incomeTaxExpense": "-29000000", "interestAndDebtExpense": "70000000", "netIncomeFromContinuingOperations": "196000000", "comprehensiveIncomeNetOfTax": "136000000", "ebit": "237000000", "ebitda": "415000000", "netIncome": "196000000"}, {"fiscalDateEnding": "2018-09-30", "reportedCurrency": "USD", "grossProfit": "-1096000000", "totalRevenue": "4842000000", "costOfRevenue": "5938000000", "costofGoodsAndServicesSold": "3134000000", "operatingIncome": "-2187000000", "sellingGeneralAndAdministrative": "1079000000", "researchAndDevelopment": "None", "operatingExpenses": "1091000000", "investmentIncomeNet": "None", "netInterestIncome": "-69000000", "interestIncome": "None", "interestExpense": "69000000", "nonInterestIncome": "3987000000", "otherNonOperatingIncome": "None", "depreciation": "None", "depreciationAndAmortization": "18000000", "incomeBeforeTax": "535000000", "incomeTaxExpense": "103000000", "interestAndDebtExpense": "69000000", "netIncomeFromContinuingOperations": "427000000", "comprehensiveIncomeNetOfTax": "266000000", "ebit": "604000000", "ebitda": "622000000", "netIncome": "432000000"}, {"fiscalDateEnding": "2018-06-30", "reportedCurrency": "USD", "grossProfit": "-1049000000", "totalRevenue": "4789000000", "costOfRevenue": "5838000000", "costofGoodsAndServicesSold": "3082000000", "operatingIncome": "-2116000000", "sellingGeneralAndAdministrative": "1056000000", "researchAndDevelopment": "None", "operatingExpenses": "1067000000", "investmentIncomeNet": "None", "netInterestIncome": "-79000000", "interestIncome": "None", "interestExpense": "79000000", "nonInterestIncome": "4279000000", "otherNonOperatingIncome": "None", "depreciation": "None", "depreciationAndAmortization": "18000000", "incomeBeforeTax": "685000000", "incomeTaxExpense": "103000000", "interestAndDebtExpense": "85000000", "netIncomeFromContinuingOperations": "434000000", "comprehensiveIncomeNetOfTax": "-532000000", "ebit": "764000000", "ebitda": "782000000", "netIncome": "582000000"}, {"fiscalDateEnding": "2018-03-31", "reportedCurrency": "USD", "grossProfit": "-1059000000", "totalRevenue": "4691000000", "costOfRevenue": "5750000000", "costofGoodsAndServicesSold": "3037000000", "operatingIncome": "-2096000000", "sellingGeneralAndAdministrative": "1025000000", "researchAndDevelopment": "None", "operatingExpenses": "1037000000", "investmentIncomeNet": "None", "netInterestIncome": "-80000000", "interestIncome": "None", "interestExpense": "80000000", "nonInterestIncome": "4251000000", "otherNonOperatingIncome": "None", "depreciation": "None", "depreciationAndAmortization": "18000000", "incomeBeforeTax": "688000000", "incomeTaxExpense": "91000000", "interestAndDebtExpense": "80000000", "netIncomeFromContinuingOperations": "428000000", "comprehensiveIncomeNetOfTax": "-300000000", "ebit": "768000000", "ebitda": "786000000", "netIncome": "597000000"}, {"fiscalDateEnding": "2017-12-31", "reportedCurrency": "USD", "grossProfit": "4539000000", "totalRevenue": "4587000000", "costOfRevenue": "3219000000", "costofGoodsAndServicesSold": "4022000000", "operatingIncome": "4539000000", "sellingGeneralAndAdministrative": "-574000000", "researchAndDevelopment": "None", "operatingExpenses": "1042000000", "investmentIncomeNet": "None", "netInterestIncome": "-70000000", "interestIncome": "8000000", "interestExpense": "78000000", "nonInterestIncome": "3318000000", "otherNonOperatingIncome": "None", "depreciation": "None", "depreciationAndAmortization": "194000000", "incomeBeforeTax": "-2723000000", "incomeTaxExpense": "980000000", "interestAndDebtExpense": "70000000", "netIncomeFromContinuingOperations": "-558000000", "comprehensiveIncomeNetOfTax": "-3625000000", "ebit": "-2645000000", "ebitda": "-2451000000", "netIncome": "-3703000000"}, {"fiscalDateEnding": "2017-09-30", "reportedCurrency": "USD", "grossProfit": "-1670000000", "totalRevenue": "4192000000", "costOfRevenue": "6354000000", "costofGoodsAndServicesSold": "3932000000", "operatingIncome": "-2665000000", "sellingGeneralAndAdministrative": "9000000", "researchAndDevelopment": "None", "operatingExpenses": "952000000", "investmentIncomeNet": "None", "netInterestIncome": "-82000000", "interestIncome": "-3000000", "interestExpense": "79000000", "nonInterestIncome": "3936000000", "otherNonOperatingIncome": "None", "depreciation": "None", "depreciationAndAmortization": "1000000", "incomeBeforeTax": "270000000", "incomeTaxExpense": "36000000", "interestAndDebtExpense": "82000000", "netIncomeFromContinuingOperations": "145000000", "comprehensiveIncomeNetOfTax": "325000000", "ebit": "349000000", "ebitda": "350000000", "netIncome": "234000000"}, {"fiscalDateEnding": "2017-06-30", "reportedCurrency": "USD", "grossProfit": "-774000000", "totalRevenue": "4214000000", "costOfRevenue": "5543000000", "costofGoodsAndServicesSold": "3666000000", "operatingIncome": "-2466000000", "sellingGeneralAndAdministrative": "9000000", "researchAndDevelopment": "None", "operatingExpenses": "1650000000", "investmentIncomeNet": "None", "netInterestIncome": "-81000000", "interestIncome": "-2000000", "interestExpense": "79000000", "nonInterestIncome": "3969000000", "otherNonOperatingIncome": "None", "depreciation": "None", "depreciationAndAmortization": "1000000", "incomeBeforeTax": "-169000000", "incomeTaxExpense": "-129000000", "interestAndDebtExpense": "81000000", "netIncomeFromContinuingOperations": "-152000000", "comprehensiveIncomeNetOfTax": "661000000", "ebit": "-90000000", "ebitda": "-89000000", "netIncome": "-40000000"}, {"fiscalDateEnding": "2017-03-31", "reportedCurrency": "USD", "grossProfit": "-868000000", "totalRevenue": "4169000000", "costOfRevenue": "5523000000", "costofGoodsAndServicesSold": "-2757000000", "operatingIncome": "-1833000000", "sellingGeneralAndAdministrative": "9000000", "researchAndDevelopment": "None", "operatingExpenses": "919000000", "investmentIncomeNet": "None", "netInterestIncome": "-83000000", "interestIncome": "-3000000", "interestExpense": "80000000", "nonInterestIncome": "3915000000", "otherNonOperatingIncome": "None", "depreciation": "None", "depreciationAndAmortization": "1000000", "incomeBeforeTax": "476000000", "incomeTaxExpense": "98000000", "interestAndDebtExpense": "83000000", "netIncomeFromContinuingOperations": "303000000", "comprehensiveIncomeNetOfTax": "508000000", "ebit": "556000000", "ebitda": "557000000", "netIncome": "378000000"}, {"fiscalDateEnding": "2016-12-31", "reportedCurrency": "USD", "grossProfit": "4537000000", "totalRevenue": "3978000000", "costOfRevenue": "7398000000", "costofGoodsAndServicesSold": "4275000000", "operatingIncome": "4537000000", "sellingGeneralAndAdministrative": "3339000000", "researchAndDevelopment": "None", "operatingExpenses": "748000000", "investmentIncomeNet": "None", "netInterestIncome": "-82000000", "interestIncome": "-12000000", "interestExpense": "70000000", "nonInterestIncome": "3913000000", "otherNonOperatingIncome": "-650000000", "depreciation": "None", "depreciationAndAmortization": "102000000", "incomeBeforeTax": "-349000000", "incomeTaxExpense": "-268000000", "interestAndDebtExpense": "82000000", "netIncomeFromContinuingOperations": "-364000000", "comprehensiveIncomeNetOfTax": "-1405000000", "ebit": "-279000000", "ebitda": "None", "netIncome": "-81000000"}]}