{"symbol": "JPM", "annualReports": [{"fiscalDateEnding": "2020-12-31", "reportedCurrency": "USD", "grossProfit": "35407000000", "totalRevenue": "119543000000", "costOfRevenue": "84136000000", "costofGoodsAndServicesSold": "None", "operatingIncome": "8580000000", "sellingGeneralAndAdministrative": "17263000000", "researchAndDevelopment": "None", "operatingExpenses": "26827000000", "investmentIncomeNet": "9027000000", "netInterestIncome": "54563000000", "interestIncome": "64523000000", "interestExpense": "9960000000", "nonInterestIncome": "64980000000", "otherNonOperatingIncome": "None", "depreciation": "None", "depreciationAndAmortization": "8614000000", "incomeBeforeTax": "35407000000", "incomeTaxExpense": "6276000000", "interestAndDebtExpense": "9960000000", "netIncomeFromContinuingOperations": "29131000000", "comprehensiveIncomeNetOfTax": "35548000000", "ebit": "45367000000", "ebitda": "53981000000", "netIncome": "29131000000"}, {"fiscalDateEnding": "2019-12-31", "reportedCurrency": "USD", "grossProfit": "44545000000", "totalRevenue": "115399000000", "costOfRevenue": "71082000000", "costofGoodsAndServicesSold": "None", "operatingIncome": "18051000000", "sellingGeneralAndAdministrative": "17722000000", "researchAndDevelopment": "None", "operatingExpenses": "26494000000", "investmentIncomeNet": "9291000000", "netInterestIncome": "57245000000", "interestIncome": "84040000000", "interestExpense": "26795000000", "nonInterestIncome": "58154000000", "otherNonOperatingIncome": "None", "depreciation": "None", "depreciationAndAmortization": "8368000000", "incomeBeforeTax": "44545000000", "incomeTaxExpense": "8114000000", "interestAndDebtExpense": "26795000000", "netIncomeFromContinuingOperations": "36431000000", "comprehensiveIncomeNetOfTax": "39507000000", "ebit": "71340000000", "ebitda": "79708000000", "netIncome": "36431000000"}, {"fiscalDateEnding": "2018-12-31", "reportedCurrency": "USD", "grossProfit": "40764000000", "totalRevenue": "108783000000", "costOfRevenue": "68265000000", "costofGoodsAndServicesSold": "27254000000", "operatingIncome": "14504000000", "sellingGeneralAndAdministrative": "17686000000", "researchAndDevelopment": "None", "operatingExpenses": "26260000000", "investmentIncomeNet": "7248000000", "netInterestIncome": "55059000000", "interestIncome": "76100000000", "interestExpense": "21041000000", "nonInterestIncome": "53724000000", "otherNonOperatingIncome": "None", "depreciation": "None", "depreciationAndAmortization": "7791000000", "incomeBeforeTax": "40764000000", "incomeTaxExpense": "8290000000", "interestAndDebtExpense": "22383000000", "netIncomeFromContinuingOperations": "32474000000", "comprehensiveIncomeNetOfTax": "30998000000", "ebit": "61805000000", "ebitda": "70938000000", "netIncome": "32474000000"}, {"fiscalDateEnding": "2017-12-31", "reportedCurrency": "USD", "grossProfit": "35900000000", "totalRevenue": "100705000000", "costOfRevenue": "63724000000", "costofGoodsAndServicesSold": "19565000000", "operatingIncome": "-17845000000", "sellingGeneralAndAdministrative": "46905000000", "researchAndDevelopment": "None", "operatingExpenses": "53745000000", "investmentIncomeNet": "7382000000", "netInterestIncome": "50097000000", "interestIncome": "63971000000", "interestExpense": "13874000000", "nonInterestIncome": "50608000000", "otherNonOperatingIncome": "None", "depreciation": "None", "depreciationAndAmortization": "6179000000", "incomeBeforeTax": "35900000000", "incomeTaxExpense": "11459000000", "interestAndDebtExpense": "14275000000", "netIncomeFromContinuingOperations": "24441000000", "comprehensiveIncomeNetOfTax": "25497000000", "ebit": "49774000000", "ebitda": "56354000000", "netIncome": "24441000000"}, {"fiscalDateEnding": "2016-12-31", "reportedCurrency": "USD", "grossProfit": "34536000000", "totalRevenue": "96569000000", "costOfRevenue": "61132000000", "costofGoodsAndServicesSold": "15179000000", "operatingIncome": "-16781000000", "sellingGeneralAndAdministrative": "44662000000", "researchAndDevelopment": "None", "operatingExpenses": "51317000000", "investmentIncomeNet": "7304000000", "netInterestIncome": "46083000000", "interestIncome": "55901000000", "interestExpense": "9818000000", "nonInterestIncome": "50486000000", "otherNonOperatingIncome": "None", "depreciation": "None", "depreciationAndAmortization": "5478000000", "incomeBeforeTax": "34536000000", "incomeTaxExpense": "9803000000", "interestAndDebtExpense": "9818000000", "netIncomeFromContinuingOperations": "24733000000", "comprehensiveIncomeNetOfTax": "23212000000", "ebit": "44354000000", "ebitda": "None", "netIncome": "24733000000"}], "quarterlyReports": [{"fiscalDateEnding": "2021-09-30", "reportedCurrency": "USD", "grossProfit": "17881000000", "totalRevenue": "31047000000", "costOfRevenue": "15536000000", "costofGoodsAndServicesSold": "None", "operatingIncome": "10988000000", "sellingGeneralAndAdministrative": "4294000000", "researchAndDevelopment": "None", "operatingExpenses": "6893000000", "investmentIncomeNet": "1815000000", "netInterestIncome": "13080000000", "interestIncome": "14480000000", "interestExpense": "1400000000", "nonInterestIncome": "16567000000", "otherNonOperatingIncome": "None", "depreciation": "None", "depreciationAndAmortization": "1928000000", "incomeBeforeTax": "14111000000", "incomeTaxExpense": "2424000000", "interestAndDebtExpense": "1400000000", "netIncomeFromContinuingOperations": "11687000000", "comprehensiveIncomeNetOfTax": "10080000000", "ebit": "15511000000", "ebitda": "17439000000", "netIncome": "11687000000"}, {"fiscalDateEnding": "2021-06-30", "reportedCurrency": "USD", "grossProfit": "19727000000", "totalRevenue": "31832000000", "costOfRevenue": "15382000000", "costofGoodsAndServicesSold": "None", "operatingIncome": "12953000000", "sellingGeneralAndAdministrative": "4204000000", "researchAndDevelopment": "None", "operatingExpenses": "6774000000", "investmentIncomeNet": "1847000000", "netInterestIncome": "12741000000", "interestIncome": "14094000000", "interestExpense": "1353000000", "nonInterestIncome": "17738000000", "otherNonOperatingIncome": "None", "depreciation": "None", "depreciationAndAmortization": "2003000000", "incomeBeforeTax": "15097000000", "incomeTaxExpense": "3149000000", "interestAndDebtExpense": "1353000000", "netIncomeFromContinuingOperations": "11948000000", "comprehensiveIncomeNetOfTax": "13477000000", "ebit": "16450000000", "ebitda": "18453000000", "netIncome": "11948000000"}, {"fiscalDateEnding": "2021-03-31", "reportedCurrency": "USD", "grossProfit": "24269000000", "totalRevenue": "33648000000", "costOfRevenue": "14569000000", "costofGoodsAndServicesSold": "None", "operatingIncome": "17653000000", "sellingGeneralAndAdministrative": "4385000000", "researchAndDevelopment": "None", "operatingExpenses": "6616000000", "investmentIncomeNet": "1882000000", "netInterestIncome": "12889000000", "interestIncome": "14271000000", "interestExpense": "1382000000", "nonInterestIncome": "19377000000", "otherNonOperatingIncome": "None", "depreciation": "None", "depreciationAndAmortization": "2070000000", "incomeBeforeTax": "17697000000", "incomeTaxExpense": "3397000000", "interestAndDebtExpense": "1382000000", "netIncomeFromContinuingOperations": "14300000000", "comprehensiveIncomeNetOfTax": "7355000000", "ebit": "19079000000", "ebitda": "21149000000", "netIncome": "14300000000"}, {"fiscalDateEnding": "2020-12-31", "reportedCurrency": "USD", "grossProfit": "26948000000", "totalRevenue": "30516000000", "costOfRevenue": "14159000000", "costofGoodsAndServicesSold": "None", "operatingIncome": "19936000000", "sellingGeneralAndAdministrative": "4492000000", "researchAndDevelopment": "None", "operatingExpenses": "7012000000", "investmentIncomeNet": "1923000000", "netInterestIncome": "13258000000", "interestIncome": "14550000000", "interestExpense": "1292000000", "nonInterestIncome": "15966000000", "otherNonOperatingIncome": "None", "depreciation": "None", "depreciationAndAmortization": "2127000000", "incomeBeforeTax": "15065000000", "incomeTaxExpense": "2929000000", "interestAndDebtExpense": "1292000000", "netIncomeFromContinuingOperations": "12136000000", "comprehensiveIncomeNetOfTax": "11182000000", "ebit": "16357000000", "ebitda": "18484000000", "netIncome": "12136000000"}, {"fiscalDateEnding": "2020-09-30", "reportedCurrency": "USD", "grossProfit": "13453000000", "totalRevenue": "30834000000", "costOfRevenue": "17486000000", "costofGoodsAndServicesSold": "None", "operatingIncome": "6575000000", "sellingGeneralAndAdministrative": "4176000000", "researchAndDevelopment": "None", "operatingExpenses": "6878000000", "investmentIncomeNet": "2110000000", "netInterestIncome": "13013000000", "interestIncome": "14700000000", "interestExpense": "1687000000", "nonInterestIncome": "16242000000", "otherNonOperatingIncome": "None", "depreciation": "None", "depreciationAndAmortization": "2141000000", "incomeBeforeTax": "11661000000", "incomeTaxExpense": "2326000000", "interestAndDebtExpense": "1687000000", "netIncomeFromContinuingOperations": "9443000000", "comprehensiveIncomeNetOfTax": "9594000000", "ebit": "13348000000", "ebitda": "15489000000", "netIncome": "9443000000"}, {"fiscalDateEnding": "2020-06-30", "reportedCurrency": "USD", "grossProfit": "-2451000000", "totalRevenue": "35239000000", "costOfRevenue": "27415000000", "costofGoodsAndServicesSold": "None", "operatingIncome": "-8719000000", "sellingGeneralAndAdministrative": "4151000000", "researchAndDevelopment": "None", "operatingExpenses": "6268000000", "investmentIncomeNet": "2461000000", "netInterestIncome": "13853000000", "interestIncome": "16112000000", "interestExpense": "2259000000", "nonInterestIncome": "19222000000", "otherNonOperatingIncome": "None", "depreciation": "None", "depreciationAndAmortization": "2149000000", "incomeBeforeTax": "5565000000", "incomeTaxExpense": "973000000", "interestAndDebtExpense": "2259000000", "netIncomeFromContinuingOperations": "4687000000", "comprehensiveIncomeNetOfTax": "6058000000", "ebit": "7824000000", "ebitda": "None", "netIncome": "4687000000"}, {"fiscalDateEnding": "2020-03-31", "reportedCurrency": "USD", "grossProfit": "-2528000000", "totalRevenue": "33008000000", "costOfRevenue": "25135000000", "costofGoodsAndServicesSold": "None", "operatingIncome": "-9256000000", "sellingGeneralAndAdministrative": "4503000000", "researchAndDevelopment": "None", "operatingExpenses": "6728000000", "investmentIncomeNet": "2533000000", "netInterestIncome": "14439000000", "interestIncome": "19161000000", "interestExpense": "4722000000", "nonInterestIncome": "13847000000", "otherNonOperatingIncome": "None", "depreciation": "None", "depreciationAndAmortization": "2197000000", "incomeBeforeTax": "3210000000", "incomeTaxExpense": "345000000", "interestAndDebtExpense": "4722000000", "netIncomeFromContinuingOperations": "2865000000", "comprehensiveIncomeNetOfTax": "8714000000", "ebit": "7932000000", "ebitda": "None", "netIncome": "2865000000"}, {"fiscalDateEnding": "2019-12-31", "reportedCurrency": "USD", "grossProfit": "7444000000", "totalRevenue": "34046000000", "costOfRevenue": "17766000000", "costofGoodsAndServicesSold": "None", "operatingIncome": "415000000", "sellingGeneralAndAdministrative": "4562000000", "researchAndDevelopment": "None", "operatingExpenses": "7029000000", "investmentIncomeNet": "2558000000", "netInterestIncome": "14166000000", "interestIncome": "19927000000", "interestExpense": "5761000000", "nonInterestIncome": "14119000000", "otherNonOperatingIncome": "None", "depreciation": "None", "depreciationAndAmortization": "2139000000", "incomeBeforeTax": "10565000000", "incomeTaxExpense": "2045000000", "interestAndDebtExpense": "5761000000", "netIncomeFromContinuingOperations": "8520000000", "comprehensiveIncomeNetOfTax": "8289000000", "ebit": "16326000000", "ebitda": "None", "netIncome": "8520000000"}, {"fiscalDateEnding": "2019-09-30", "reportedCurrency": "USD", "grossProfit": "12355000000", "totalRevenue": "36184000000", "costOfRevenue": "17936000000", "costofGoodsAndServicesSold": "None", "operatingIncome": "5740000000", "sellingGeneralAndAdministrative": "4549000000", "researchAndDevelopment": "None", "operatingExpenses": "6615000000", "investmentIncomeNet": "2450000000", "netInterestIncome": "14228000000", "interestIncome": "21121000000", "interestExpense": "6893000000", "nonInterestIncome": "15063000000", "otherNonOperatingIncome": "None", "depreciation": "None", "depreciationAndAmortization": "2145000000", "incomeBeforeTax": "11405000000", "incomeTaxExpense": "2325000000", "interestAndDebtExpense": "6893000000", "netIncomeFromContinuingOperations": "9080000000", "comprehensiveIncomeNetOfTax": "9766000000", "ebit": "18298000000", "ebitda": "None", "netIncome": "9080000000"}, {"fiscalDateEnding": "2019-06-30", "reportedCurrency": "USD", "grossProfit": "11271000000", "totalRevenue": "35952000000", "costOfRevenue": "17490000000", "costofGoodsAndServicesSold": "None", "operatingIncome": "4690000000", "sellingGeneralAndAdministrative": "4300000000", "researchAndDevelopment": "None", "operatingExpenses": "6581000000", "investmentIncomeNet": "2215000000", "netInterestIncome": "14398000000", "interestIncome": "21603000000", "interestExpense": "7205000000", "nonInterestIncome": "14349000000", "otherNonOperatingIncome": "None", "depreciation": "None", "depreciationAndAmortization": "2046000000", "incomeBeforeTax": "11342000000", "incomeTaxExpense": "1690000000", "interestAndDebtExpense": "7205000000", "netIncomeFromContinuingOperations": "9652000000", "comprehensiveIncomeNetOfTax": "11324000000", "ebit": "18547000000", "ebitda": "None", "netIncome": "9652000000"}, {"fiscalDateEnding": "2019-03-31", "reportedCurrency": "USD", "grossProfit": "10744000000", "totalRevenue": "36059000000", "costOfRevenue": "17890000000", "costofGoodsAndServicesSold": "None", "operatingIncome": "4475000000", "sellingGeneralAndAdministrative": "4311000000", "researchAndDevelopment": "None", "operatingExpenses": "6269000000", "investmentIncomeNet": "2068000000", "netInterestIncome": "14453000000", "interestIncome": "21389000000", "interestExpense": "6936000000", "nonInterestIncome": "14670000000", "otherNonOperatingIncome": "None", "depreciation": "None", "depreciationAndAmortization": "2038000000", "incomeBeforeTax": "11233000000", "incomeTaxExpense": "2054000000", "interestAndDebtExpense": "7441000000", "netIncomeFromContinuingOperations": "9179000000", "comprehensiveIncomeNetOfTax": "10128000000", "ebit": "18169000000", "ebitda": "None", "netIncome": "9179000000"}, {"fiscalDateEnding": "2018-12-31", "reportedCurrency": "USD", "grossProfit": "8938000000", "totalRevenue": "32110000000", "costOfRevenue": "17268000000", "costofGoodsAndServicesSold": "8232000000", "operatingIncome": "821000000", "sellingGeneralAndAdministrative": "5966000000", "researchAndDevelopment": "None", "operatingExpenses": "8117000000", "investmentIncomeNet": "1951000000", "netInterestIncome": "14354000000", "interestIncome": "20601000000", "interestExpense": "6247000000", "nonInterestIncome": "11509000000", "otherNonOperatingIncome": "None", "depreciation": "None", "depreciationAndAmortization": "2075000000", "incomeBeforeTax": "8841000000", "incomeTaxExpense": "1775000000", "interestAndDebtExpense": "6684000000", "netIncomeFromContinuingOperations": "7066000000", "comprehensiveIncomeNetOfTax": "7984000000", "ebit": "15088000000", "ebitda": "None", "netIncome": "7066000000"}, {"fiscalDateEnding": "2018-09-30", "reportedCurrency": "USD", "grossProfit": "10773000000", "totalRevenue": "32791000000", "costOfRevenue": "16571000000", "costofGoodsAndServicesSold": "6880000000", "operatingIncome": "4636000000", "sellingGeneralAndAdministrative": "4031000000", "researchAndDevelopment": "None", "operatingExpenses": "6137000000", "investmentIncomeNet": "1796000000", "netInterestIncome": "13908000000", "interestIncome": "19439000000", "interestExpense": "5531000000", "nonInterestIncome": "13352000000", "otherNonOperatingIncome": "None", "depreciation": "None", "depreciationAndAmortization": "1992000000", "incomeBeforeTax": "10689000000", "incomeTaxExpense": "2309000000", "interestAndDebtExpense": "5932000000", "netIncomeFromContinuingOperations": "8380000000", "comprehensiveIncomeNetOfTax": "7093000000", "ebit": "16220000000", "ebitda": "None", "netIncome": "8380000000"}, {"fiscalDateEnding": "2018-06-30", "reportedCurrency": "USD", "grossProfit": "10474000000", "totalRevenue": "32834000000", "costOfRevenue": "17181000000", "costofGoodsAndServicesSold": "852000000", "operatingIncome": "-3937000000", "sellingGeneralAndAdministrative": "12285000000", "researchAndDevelopment": "None", "operatingExpenses": "14411000000", "investmentIncomeNet": "1778000000", "netInterestIncome": "13485000000", "interestIncome": "18566000000", "interestExpense": "5081000000", "nonInterestIncome": "14268000000", "otherNonOperatingIncome": "None", "depreciation": "852000000", "depreciationAndAmortization": "1927000000", "incomeBeforeTax": "10572000000", "incomeTaxExpense": "2256000000", "interestAndDebtExpense": "5384000000", "netIncomeFromContinuingOperations": "8316000000", "comprehensiveIncomeNetOfTax": "8241000000", "ebit": "15653000000", "ebitda": "None", "netIncome": "8316000000"}, {"fiscalDateEnding": "2018-03-31", "reportedCurrency": "USD", "grossProfit": "10544000000", "totalRevenue": "32290000000", "costOfRevenue": "17245000000", "costofGoodsAndServicesSold": "811000000", "operatingIncome": "-4251000000", "sellingGeneralAndAdministrative": "12674000000", "researchAndDevelopment": "None", "operatingExpenses": "14795000000", "investmentIncomeNet": "1723000000", "netInterestIncome": "13312000000", "interestIncome": "17695000000", "interestExpense": "4383000000", "nonInterestIncome": "14595000000", "otherNonOperatingIncome": "None", "depreciation": "811000000", "depreciationAndAmortization": "1797000000", "incomeBeforeTax": "10662000000", "incomeTaxExpense": "1950000000", "interestAndDebtExpense": "4383000000", "netIncomeFromContinuingOperations": "8712000000", "comprehensiveIncomeNetOfTax": "7680000000", "ebit": "15045000000", "ebitda": "None", "netIncome": "8712000000"}, {"fiscalDateEnding": "2017-12-31", "reportedCurrency": "USD", "grossProfit": "9611000000", "totalRevenue": "28022000000", "costOfRevenue": "15899000000", "costofGoodsAndServicesSold": "5274000000", "operatingIncome": "-4865000000", "sellingGeneralAndAdministrative": "12528000000", "researchAndDevelopment": "None", "operatingExpenses": "14476000000", "investmentIncomeNet": "1787000000", "netInterestIncome": "13027000000", "interestIncome": "16592000000", "interestExpense": "3565000000", "nonInterestIncome": "11430000000", "otherNonOperatingIncome": "None", "depreciation": "None", "depreciationAndAmortization": "1632000000", "incomeBeforeTax": "8254000000", "incomeTaxExpense": "4022000000", "interestAndDebtExpense": "3966000000", "netIncomeFromContinuingOperations": "4232000000", "comprehensiveIncomeNetOfTax": "4422000000", "ebit": "11819000000", "ebitda": "None", "netIncome": "4232000000"}, {"fiscalDateEnding": "2017-09-30", "reportedCurrency": "USD", "grossProfit": "9032000000", "totalRevenue": "29467000000", "costOfRevenue": "15770000000", "costofGoodsAndServicesSold": "5341000000", "operatingIncome": "-3824000000", "sellingGeneralAndAdministrative": "11151000000", "researchAndDevelopment": "None", "operatingExpenses": "12856000000", "investmentIncomeNet": "1818000000", "netInterestIncome": "12798000000", "interestIncome": "16687000000", "interestExpense": "3889000000", "nonInterestIncome": "12780000000", "otherNonOperatingIncome": "None", "depreciation": "None", "depreciationAndAmortization": "1579000000", "incomeBeforeTax": "9556000000", "incomeTaxExpense": "2824000000", "interestAndDebtExpense": "3889000000", "netIncomeFromContinuingOperations": "6732000000", "comprehensiveIncomeNetOfTax": "6815000000", "ebit": "13445000000", "ebitda": "None", "netIncome": "6732000000"}, {"fiscalDateEnding": "2017-06-30", "reportedCurrency": "USD", "grossProfit": "9407000000", "totalRevenue": "29173000000", "costOfRevenue": "15721000000", "costofGoodsAndServicesSold": "4657000000", "operatingIncome": "-3542000000", "sellingGeneralAndAdministrative": "11305000000", "researchAndDevelopment": "None", "operatingExpenses": "12949000000", "investmentIncomeNet": "1889000000", "netInterestIncome": "12208000000", "interestIncome": "15650000000", "interestExpense": "3442000000", "nonInterestIncome": "13523000000", "otherNonOperatingIncome": "None", "depreciation": "None", "depreciationAndAmortization": "1504000000", "incomeBeforeTax": "9749000000", "incomeTaxExpense": "2720000000", "interestAndDebtExpense": "3442000000", "netIncomeFromContinuingOperations": "7029000000", "comprehensiveIncomeNetOfTax": "7560000000", "ebit": "13191000000", "ebitda": "None", "netIncome": "7029000000"}, {"fiscalDateEnding": "2017-03-31", "reportedCurrency": "USD", "grossProfit": "7850000000", "totalRevenue": "27917000000", "costOfRevenue": "16334000000", "costofGoodsAndServicesSold": "4293000000", "operatingIncome": "-5614000000", "sellingGeneralAndAdministrative": "11921000000", "researchAndDevelopment": "None", "operatingExpenses": "13464000000", "investmentIncomeNet": "1888000000", "netInterestIncome": "12064000000", "interestIncome": "15042000000", "interestExpense": "2978000000", "nonInterestIncome": "12875000000", "otherNonOperatingIncome": "None", "depreciation": "None", "depreciationAndAmortization": "1464000000", "incomeBeforeTax": "8341000000", "incomeTaxExpense": "1893000000", "interestAndDebtExpense": "2978000000", "netIncomeFromContinuingOperations": "6448000000", "comprehensiveIncomeNetOfTax": "6700000000", "ebit": "11319000000", "ebitda": "None", "netIncome": "6448000000"}, {"fiscalDateEnding": "2016-12-31", "reportedCurrency": "USD", "grossProfit": "11202000000", "totalRevenue": "26990000000", "costOfRevenue": "14697000000", "costofGoodsAndServicesSold": "3577000000", "operatingIncome": "-2737000000", "sellingGeneralAndAdministrative": "12197000000", "researchAndDevelopment": "None", "operatingExpenses": "13939000000", "investmentIncomeNet": "1796000000", "netInterestIncome": "11753000000", "interestIncome": "14466000000", "interestExpense": "2713000000", "nonInterestIncome": "12524000000", "otherNonOperatingIncome": "None", "depreciation": "None", "depreciationAndAmortization": "1446000000", "incomeBeforeTax": "8679000000", "incomeTaxExpense": "1952000000", "interestAndDebtExpense": "2713000000", "netIncomeFromContinuingOperations": "6727000000", "comprehensiveIncomeNetOfTax": "4078000000", "ebit": "11392000000", "ebitda": "None", "netIncome": "6727000000"}]}