{"symbol": "KEY", "annualReports": [{"fiscalDateEnding": "2020-12-31", "reportedCurrency": "USD", "grossProfit": "1585000000", "totalRevenue": "6715000000", "costOfRevenue": "5130000000", "costofGoodsAndServicesSold": "None", "operatingIncome": "134000000", "sellingGeneralAndAdministrative": "1062000000", "researchAndDevelopment": "None", "operatingExpenses": "1456000000", "investmentIncomeNet": "None", "netInterestIncome": "4034000000", "interestIncome": "4685000000", "interestExpense": "651000000", "nonInterestIncome": "2652000000", "otherNonOperatingIncome": "None", "depreciation": "None", "depreciationAndAmortization": "361000000", "incomeBeforeTax": "1570000000", "incomeTaxExpense": "227000000", "interestAndDebtExpense": "651000000", "netIncomeFromContinuingOperations": "1329000000", "comprehensiveIncomeNetOfTax": "2055000000", "ebit": "2221000000", "ebitda": "2582000000", "netIncome": "1343000000"}, {"fiscalDateEnding": "2019-12-31", "reportedCurrency": "USD", "grossProfit": "2054000000", "totalRevenue": "6400000000", "costOfRevenue": "4346000000", "costofGoodsAndServicesSold": "None", "operatingIncome": "759000000", "sellingGeneralAndAdministrative": "885000000", "researchAndDevelopment": "None", "operatingExpenses": "1293000000", "investmentIncomeNet": "None", "netInterestIncome": "3909000000", "interestIncome": "5235000000", "interestExpense": "1326000000", "nonInterestIncome": "2459000000", "otherNonOperatingIncome": "None", "depreciation": "None", "depreciationAndAmortization": "374000000", "incomeBeforeTax": "2031000000", "incomeTaxExpense": "314000000", "interestAndDebtExpense": "1326000000", "netIncomeFromContinuingOperations": "1708000000", "comprehensiveIncomeNetOfTax": "2561000000", "ebit": "3357000000", "ebitda": "3731000000", "netIncome": "1717000000"}, {"fiscalDateEnding": "2018-12-31", "reportedCurrency": "USD", "grossProfit": "2234000000", "totalRevenue": "6455000000", "costOfRevenue": "4221000000", "costofGoodsAndServicesSold": "1215000000", "operatingIncome": "725000000", "sellingGeneralAndAdministrative": "1023000000", "researchAndDevelopment": "None", "operatingExpenses": "1435000000", "investmentIncomeNet": "None", "netInterestIncome": "3909000000", "interestIncome": "4878000000", "interestExpense": "969000000", "nonInterestIncome": "2515000000", "otherNonOperatingIncome": "None", "depreciation": "None", "depreciationAndAmortization": "400000000", "incomeBeforeTax": "2210000000", "incomeTaxExpense": "344000000", "interestAndDebtExpense": "969000000", "netIncomeFromContinuingOperations": "1859000000", "comprehensiveIncomeNetOfTax": "1827000000", "ebit": "3179000000", "ebitda": "3579000000", "netIncome": "1866000000"}, {"fiscalDateEnding": "2017-12-31", "reportedCurrency": "USD", "grossProfit": "1981000000", "totalRevenue": "6308000000", "costOfRevenue": "4327000000", "costofGoodsAndServicesSold": "842000000", "operatingIncome": "-1839000000", "sellingGeneralAndAdministrative": "3233000000", "researchAndDevelopment": "None", "operatingExpenses": "3844000000", "investmentIncomeNet": "None", "netInterestIncome": "3777000000", "interestIncome": "4390000000", "interestExpense": "613000000", "nonInterestIncome": "2478000000", "otherNonOperatingIncome": "None", "depreciation": "None", "depreciationAndAmortization": "384000000", "incomeBeforeTax": "1933000000", "incomeTaxExpense": "637000000", "interestAndDebtExpense": "613000000", "netIncomeFromContinuingOperations": "1289000000", "comprehensiveIncomeNetOfTax": "1058000000", "ebit": "2546000000", "ebitda": "2930000000", "netIncome": "1296000000"}, {"fiscalDateEnding": "2016-12-31", "reportedCurrency": "USD", "grossProfit": "1002000000", "totalRevenue": "5024000000", "costOfRevenue": "4022000000", "costofGoodsAndServicesSold": "666000000", "operatingIncome": "-2445000000", "sellingGeneralAndAdministrative": "3028000000", "researchAndDevelopment": "None", "operatingExpenses": "3503000000", "investmentIncomeNet": "None", "netInterestIncome": "2919000000", "interestIncome": "3319000000", "interestExpense": "400000000", "nonInterestIncome": "2071000000", "otherNonOperatingIncome": "None", "depreciation": "None", "depreciationAndAmortization": "303000000", "incomeBeforeTax": "970000000", "incomeTaxExpense": "179000000", "interestAndDebtExpense": "400000000", "netIncomeFromContinuingOperations": "790000000", "comprehensiveIncomeNetOfTax": "655000000", "ebit": "1370000000", "ebitda": "1673000000", "netIncome": "791000000"}], "quarterlyReports": [{"fiscalDateEnding": "2021-09-30", "reportedCurrency": "USD", "grossProfit": "817000000", "totalRevenue": "1822000000", "costOfRevenue": "1005000000", "costofGoodsAndServicesSold": "None", "operatingIncome": "471000000", "sellingGeneralAndAdministrative": "259000000", "researchAndDevelopment": "None", "operatingExpenses": "346000000", "investmentIncomeNet": "None", "netInterestIncome": "1016000000", "interestIncome": "1087000000", "interestExpense": "71000000", "nonInterestIncome": "797000000", "otherNonOperatingIncome": "None", "depreciation": "None", "depreciationAndAmortization": "87000000", "incomeBeforeTax": "810000000", "incomeTaxExpense": "165000000", "interestAndDebtExpense": "71000000", "netIncomeFromContinuingOperations": "643000000", "comprehensiveIncomeNetOfTax": "450000000", "ebit": "881000000", "ebitda": "968000000", "netIncome": "645000000"}, {"fiscalDateEnding": "2021-06-30", "reportedCurrency": "USD", "grossProfit": "919000000", "totalRevenue": "1773000000", "costOfRevenue": "854000000", "costofGoodsAndServicesSold": "None", "operatingIncome": "570000000", "sellingGeneralAndAdministrative": "259000000", "researchAndDevelopment": "None", "operatingExpenses": "349000000", "investmentIncomeNet": "None", "netInterestIncome": "1017000000", "interestIncome": "1090000000", "interestExpense": "73000000", "nonInterestIncome": "750000000", "otherNonOperatingIncome": "None", "depreciation": "None", "depreciationAndAmortization": "90000000", "incomeBeforeTax": "918000000", "incomeTaxExpense": "189000000", "interestAndDebtExpense": "73000000", "netIncomeFromContinuingOperations": "724000000", "comprehensiveIncomeNetOfTax": "776000000", "ebit": "991000000", "ebitda": "1081000000", "netIncome": "729000000"}, {"fiscalDateEnding": "2021-03-31", "reportedCurrency": "USD", "grossProfit": "772000000", "totalRevenue": "1750000000", "costOfRevenue": "978000000", "costofGoodsAndServicesSold": "None", "operatingIncome": "417000000", "sellingGeneralAndAdministrative": "259000000", "researchAndDevelopment": "None", "operatingExpenses": "355000000", "investmentIncomeNet": "None", "netInterestIncome": "1005000000", "interestIncome": "1087000000", "interestExpense": "82000000", "nonInterestIncome": "738000000", "otherNonOperatingIncome": "None", "depreciation": "None", "depreciationAndAmortization": "90000000", "incomeBeforeTax": "769000000", "incomeTaxExpense": "147000000", "interestAndDebtExpense": "82000000", "netIncomeFromContinuingOperations": "618000000", "comprehensiveIncomeNetOfTax": "-13000000", "ebit": "851000000", "ebitda": "941000000", "netIncome": "622000000"}, {"fiscalDateEnding": "2020-12-31", "reportedCurrency": "USD", "grossProfit": "697000000", "totalRevenue": "1845000000", "costOfRevenue": "1148000000", "costofGoodsAndServicesSold": "None", "operatingIncome": "246000000", "sellingGeneralAndAdministrative": "357000000", "researchAndDevelopment": "None", "operatingExpenses": "453000000", "investmentIncomeNet": "None", "netInterestIncome": "1035000000", "interestIncome": "1125000000", "interestExpense": "90000000", "nonInterestIncome": "802000000", "otherNonOperatingIncome": "None", "depreciation": "None", "depreciationAndAmortization": "89000000", "incomeBeforeTax": "696000000", "incomeTaxExpense": "114000000", "interestAndDebtExpense": "90000000", "netIncomeFromContinuingOperations": "575000000", "comprehensiveIncomeNetOfTax": "453000000", "ebit": "786000000", "ebitda": "875000000", "netIncome": "582000000"}, {"fiscalDateEnding": "2020-09-30", "reportedCurrency": "USD", "grossProfit": "490000000", "totalRevenue": "1687000000", "costOfRevenue": "1197000000", "costofGoodsAndServicesSold": "None", "operatingIncome": "162000000", "sellingGeneralAndAdministrative": "239000000", "researchAndDevelopment": "None", "operatingExpenses": "328000000", "investmentIncomeNet": "None", "netInterestIncome": "1000000000", "interestIncome": "1119000000", "interestExpense": "119000000", "nonInterestIncome": "681000000", "otherNonOperatingIncome": "None", "depreciation": "None", "depreciationAndAmortization": "89000000", "incomeBeforeTax": "488000000", "incomeTaxExpense": "60000000", "interestAndDebtExpense": "119000000", "netIncomeFromContinuingOperations": "424000000", "comprehensiveIncomeNetOfTax": "359000000", "ebit": "607000000", "ebitda": "696000000", "netIncome": "428000000"}, {"fiscalDateEnding": "2020-06-30", "reportedCurrency": "USD", "grossProfit": "222000000", "totalRevenue": "1717000000", "costOfRevenue": "1495000000", "costofGoodsAndServicesSold": "None", "operatingIncome": "-103000000", "sellingGeneralAndAdministrative": "234000000", "researchAndDevelopment": "None", "operatingExpenses": "325000000", "investmentIncomeNet": "None", "netInterestIncome": "1018000000", "interestIncome": "1190000000", "interestExpense": "172000000", "nonInterestIncome": "692000000", "otherNonOperatingIncome": "None", "depreciation": "None", "depreciationAndAmortization": "91000000", "incomeBeforeTax": "217000000", "incomeTaxExpense": "30000000", "interestAndDebtExpense": "172000000", "netIncomeFromContinuingOperations": "185000000", "comprehensiveIncomeNetOfTax": "309000000", "ebit": "389000000", "ebitda": "480000000", "netIncome": "187000000"}, {"fiscalDateEnding": "2020-03-31", "reportedCurrency": "USD", "grossProfit": "176000000", "totalRevenue": "1466000000", "costOfRevenue": "1290000000", "costofGoodsAndServicesSold": "None", "operatingIncome": "-122000000", "sellingGeneralAndAdministrative": "196000000", "researchAndDevelopment": "None", "operatingExpenses": "300000000", "investmentIncomeNet": "None", "netInterestIncome": "981000000", "interestIncome": "1251000000", "interestExpense": "270000000", "nonInterestIncome": "477000000", "otherNonOperatingIncome": "None", "depreciation": "None", "depreciationAndAmortization": "92000000", "incomeBeforeTax": "169000000", "incomeTaxExpense": "23000000", "interestAndDebtExpense": "270000000", "netIncomeFromContinuingOperations": "145000000", "comprehensiveIncomeNetOfTax": "934000000", "ebit": "439000000", "ebitda": "531000000", "netIncome": "146000000"}, {"fiscalDateEnding": "2019-12-31", "reportedCurrency": "USD", "grossProfit": "549000000", "totalRevenue": "1638000000", "costOfRevenue": "1089000000", "costofGoodsAndServicesSold": "None", "operatingIncome": "143000000", "sellingGeneralAndAdministrative": "304000000", "researchAndDevelopment": "None", "operatingExpenses": "405000000", "investmentIncomeNet": "None", "netInterestIncome": "979000000", "interestIncome": "1285000000", "interestExpense": "306000000", "nonInterestIncome": "651000000", "otherNonOperatingIncome": "None", "depreciation": "None", "depreciationAndAmortization": "91000000", "incomeBeforeTax": "544000000", "incomeTaxExpense": "75000000", "interestAndDebtExpense": "306000000", "netIncomeFromContinuingOperations": "466000000", "comprehensiveIncomeNetOfTax": "336000000", "ebit": "850000000", "ebitda": "941000000", "netIncome": "469000000"}, {"fiscalDateEnding": "2019-09-30", "reportedCurrency": "USD", "grossProfit": "491000000", "totalRevenue": "1630000000", "costOfRevenue": "1139000000", "costofGoodsAndServicesSold": "None", "operatingIncome": "213000000", "sellingGeneralAndAdministrative": "194000000", "researchAndDevelopment": "None", "operatingExpenses": "278000000", "investmentIncomeNet": "None", "netInterestIncome": "972000000", "interestIncome": "1317000000", "interestExpense": "345000000", "nonInterestIncome": "650000000", "otherNonOperatingIncome": "None", "depreciation": "None", "depreciationAndAmortization": "98000000", "incomeBeforeTax": "486000000", "incomeTaxExpense": "70000000", "interestAndDebtExpense": "345000000", "netIncomeFromContinuingOperations": "413000000", "comprehensiveIncomeNetOfTax": "577000000", "ebit": "831000000", "ebitda": "929000000", "netIncome": "416000000"}, {"fiscalDateEnding": "2019-06-30", "reportedCurrency": "USD", "grossProfit": "518000000", "totalRevenue": "1611000000", "costOfRevenue": "1093000000", "costofGoodsAndServicesSold": "None", "operatingIncome": "223000000", "sellingGeneralAndAdministrative": "198000000", "researchAndDevelopment": "None", "operatingExpenses": "295000000", "investmentIncomeNet": "None", "netInterestIncome": "981000000", "interestIncome": "1329000000", "interestExpense": "348000000", "nonInterestIncome": "622000000", "otherNonOperatingIncome": "None", "depreciation": "None", "depreciationAndAmortization": "97000000", "incomeBeforeTax": "512000000", "incomeTaxExpense": "87000000", "interestAndDebtExpense": "348000000", "netIncomeFromContinuingOperations": "423000000", "comprehensiveIncomeNetOfTax": "953000000", "ebit": "860000000", "ebitda": "957000000", "netIncome": "425000000"}, {"fiscalDateEnding": "2019-03-31", "reportedCurrency": "USD", "grossProfit": "496000000", "totalRevenue": "1521000000", "costOfRevenue": "1025000000", "costofGoodsAndServicesSold": "None", "operatingIncome": "176000000", "sellingGeneralAndAdministrative": "215000000", "researchAndDevelopment": "None", "operatingExpenses": "319000000", "investmentIncomeNet": "None", "netInterestIncome": "977000000", "interestIncome": "1304000000", "interestExpense": "327000000", "nonInterestIncome": "536000000", "otherNonOperatingIncome": "None", "depreciation": "None", "depreciationAndAmortization": "88000000", "incomeBeforeTax": "489000000", "incomeTaxExpense": "82000000", "interestAndDebtExpense": "327000000", "netIncomeFromContinuingOperations": "406000000", "comprehensiveIncomeNetOfTax": "695000000", "ebit": "816000000", "ebitda": "904000000", "netIncome": "407000000"}, {"fiscalDateEnding": "2018-12-31", "reportedCurrency": "USD", "grossProfit": "582000000", "totalRevenue": "1653000000", "costOfRevenue": "1071000000", "costofGoodsAndServicesSold": "356000000", "operatingIncome": "130000000", "sellingGeneralAndAdministrative": "335000000", "researchAndDevelopment": "None", "operatingExpenses": "453000000", "investmentIncomeNet": "None", "netInterestIncome": "1000000000", "interestIncome": "1297000000", "interestExpense": "297000000", "nonInterestIncome": "645000000", "otherNonOperatingIncome": "None", "depreciation": "None", "depreciationAndAmortization": "100000000", "incomeBeforeTax": "576000000", "incomeTaxExpense": "92000000", "interestAndDebtExpense": "297000000", "netIncomeFromContinuingOperations": "482000000", "comprehensiveIncomeNetOfTax": "832000000", "ebit": "873000000", "ebitda": "973000000", "netIncome": "484000000"}, {"fiscalDateEnding": "2018-09-30", "reportedCurrency": "USD", "grossProfit": "576000000", "totalRevenue": "1602000000", "costOfRevenue": "1026000000", "costofGoodsAndServicesSold": "315000000", "operatingIncome": "250000000", "sellingGeneralAndAdministrative": "228000000", "researchAndDevelopment": "None", "operatingExpenses": "326000000", "investmentIncomeNet": "None", "netInterestIncome": "986000000", "interestIncome": "1239000000", "interestExpense": "253000000", "nonInterestIncome": "609000000", "otherNonOperatingIncome": "None", "depreciation": "None", "depreciationAndAmortization": "98000000", "incomeBeforeTax": "569000000", "incomeTaxExpense": "87000000", "interestAndDebtExpense": "253000000", "netIncomeFromContinuingOperations": "482000000", "comprehensiveIncomeNetOfTax": "401000000", "ebit": "822000000", "ebitda": "920000000", "netIncome": "482000000"}, {"fiscalDateEnding": "2018-06-30", "reportedCurrency": "USD", "grossProfit": "590000000", "totalRevenue": "1647000000", "costOfRevenue": "1057000000", "costofGoodsAndServicesSold": "290000000", "operatingIncome": "254000000", "sellingGeneralAndAdministrative": "237000000", "researchAndDevelopment": "None", "operatingExpenses": "336000000", "investmentIncomeNet": "None", "netInterestIncome": "979000000", "interestIncome": "1205000000", "interestExpense": "226000000", "nonInterestIncome": "660000000", "otherNonOperatingIncome": "None", "depreciation": "None", "depreciationAndAmortization": "99000000", "incomeBeforeTax": "585000000", "incomeTaxExpense": "103000000", "interestAndDebtExpense": "226000000", "netIncomeFromContinuingOperations": "479000000", "comprehensiveIncomeNetOfTax": "388000000", "ebit": "811000000", "ebitda": "910000000", "netIncome": "482000000"}, {"fiscalDateEnding": "2018-03-31", "reportedCurrency": "USD", "grossProfit": "486000000", "totalRevenue": "1553000000", "costOfRevenue": "1067000000", "costofGoodsAndServicesSold": "254000000", "operatingIncome": "-461000000", "sellingGeneralAndAdministrative": "817000000", "researchAndDevelopment": "None", "operatingExpenses": "947000000", "investmentIncomeNet": "None", "netInterestIncome": "944000000", "interestIncome": "1137000000", "interestExpense": "193000000", "nonInterestIncome": "601000000", "otherNonOperatingIncome": "None", "depreciation": "None", "depreciationAndAmortization": "103000000", "incomeBeforeTax": "480000000", "incomeTaxExpense": "62000000", "interestAndDebtExpense": "193000000", "netIncomeFromContinuingOperations": "416000000", "comprehensiveIncomeNetOfTax": "206000000", "ebit": "673000000", "ebitda": "776000000", "netIncome": "418000000"}, {"fiscalDateEnding": "2017-12-31", "reportedCurrency": "USD", "grossProfit": "461000000", "totalRevenue": "1608000000", "costOfRevenue": "1147000000", "costofGoodsAndServicesSold": "225000000", "operatingIncome": "-541000000", "sellingGeneralAndAdministrative": "869000000", "researchAndDevelopment": "None", "operatingExpenses": "1010000000", "investmentIncomeNet": "None", "netInterestIncome": "938000000", "interestIncome": "1114000000", "interestExpense": "176000000", "nonInterestIncome": "656000000", "otherNonOperatingIncome": "None", "depreciation": "None", "depreciationAndAmortization": "101000000", "incomeBeforeTax": "447000000", "incomeTaxExpense": "251000000", "interestAndDebtExpense": "176000000", "netIncomeFromContinuingOperations": "195000000", "comprehensiveIncomeNetOfTax": "-77000000", "ebit": "623000000", "ebitda": "724000000", "netIncome": "196000000"}, {"fiscalDateEnding": "2017-09-30", "reportedCurrency": "USD", "grossProfit": "511000000", "totalRevenue": "1554000000", "costOfRevenue": "1043000000", "costofGoodsAndServicesSold": "212000000", "operatingIncome": "-381000000", "sellingGeneralAndAdministrative": "795000000", "researchAndDevelopment": "None", "operatingExpenses": "892000000", "investmentIncomeNet": "None", "netInterestIncome": "948000000", "interestIncome": "1109000000", "interestExpense": "161000000", "nonInterestIncome": "592000000", "otherNonOperatingIncome": "None", "depreciation": "None", "depreciationAndAmortization": "97000000", "incomeBeforeTax": "498000000", "incomeTaxExpense": "134000000", "interestAndDebtExpense": "161000000", "netIncomeFromContinuingOperations": "363000000", "comprehensiveIncomeNetOfTax": "364000000", "ebit": "659000000", "ebitda": "756000000", "netIncome": "364000000"}, {"fiscalDateEnding": "2017-06-30", "reportedCurrency": "USD", "grossProfit": "579000000", "totalRevenue": "1640000000", "costOfRevenue": "1061000000", "costofGoodsAndServicesSold": "210000000", "operatingIncome": "-294000000", "sellingGeneralAndAdministrative": "780000000", "researchAndDevelopment": "None", "operatingExpenses": "873000000", "investmentIncomeNet": "None", "netInterestIncome": "973000000", "interestIncome": "1117000000", "interestExpense": "144000000", "nonInterestIncome": "653000000", "otherNonOperatingIncome": "None", "depreciation": "None", "depreciationAndAmortization": "93000000", "incomeBeforeTax": "570000000", "incomeTaxExpense": "158000000", "interestAndDebtExpense": "144000000", "netIncomeFromContinuingOperations": "407000000", "comprehensiveIncomeNetOfTax": "460000000", "ebit": "714000000", "ebitda": "807000000", "netIncome": "412000000"}, {"fiscalDateEnding": "2017-03-31", "reportedCurrency": "USD", "grossProfit": "430000000", "totalRevenue": "1506000000", "costOfRevenue": "1076000000", "costofGoodsAndServicesSold": "195000000", "operatingIncome": "-576000000", "sellingGeneralAndAdministrative": "789000000", "researchAndDevelopment": "None", "operatingExpenses": "1018000000", "investmentIncomeNet": "None", "netInterestIncome": "918000000", "interestIncome": "1050000000", "interestExpense": "132000000", "nonInterestIncome": "577000000", "otherNonOperatingIncome": "None", "depreciation": "None", "depreciationAndAmortization": "93000000", "incomeBeforeTax": "418000000", "incomeTaxExpense": "94000000", "interestAndDebtExpense": "132000000", "netIncomeFromContinuingOperations": "324000000", "comprehensiveIncomeNetOfTax": "311000000", "ebit": "550000000", "ebitda": "643000000", "netIncome": "324000000"}, {"fiscalDateEnding": "2016-12-31", "reportedCurrency": "USD", "grossProfit": "280000000", "totalRevenue": "1566000000", "costOfRevenue": "1286000000", "costofGoodsAndServicesSold": "190000000", "operatingIncome": "-923000000", "sellingGeneralAndAdministrative": "987000000", "researchAndDevelopment": "None", "operatingExpenses": "1246000000", "investmentIncomeNet": "None", "netInterestIncome": "938000000", "interestIncome": "1062000000", "interestExpense": "124000000", "nonInterestIncome": "618000000", "otherNonOperatingIncome": "None", "depreciation": "None", "depreciationAndAmortization": "100000000", "incomeBeforeTax": "267000000", "incomeTaxExpense": "38000000", "interestAndDebtExpense": "124000000", "netIncomeFromContinuingOperations": "233000000", "comprehensiveIncomeNetOfTax": "-130000000", "ebit": "391000000", "ebitda": "491000000", "netIncome": "229000000"}]}