{"symbol": "KMI", "annualReports": [{"fiscalDateEnding": "2020-12-31", "reportedCurrency": "USD", "grossProfit": "6555000000", "totalRevenue": "11700000000", "costOfRevenue": "5145000000", "costofGoodsAndServicesSold": "2545000000", "operatingIncome": "1560000000", "sellingGeneralAndAdministrative": "648000000", "researchAndDevelopment": "None", "operatingExpenses": "3123000000", "investmentIncomeNet": "None", "netInterestIncome": "-1595000000", "interestIncome": "-815000000", "interestExpense": "1595000000", "nonInterestIncome": "10121000000", "otherNonOperatingIncome": "56000000", "depreciation": "None", "depreciationAndAmortization": "352000000", "incomeBeforeTax": "600000000", "incomeTaxExpense": "481000000", "interestAndDebtExpense": "None", "netIncomeFromContinuingOperations": "180000000", "comprehensiveIncomeNetOfTax": "45000000", "ebit": "1560000000", "ebitda": "1912000000", "netIncome": "119000000"}, {"fiscalDateEnding": "2019-12-31", "reportedCurrency": "USD", "grossProfit": "9059000000", "totalRevenue": "13209000000", "costOfRevenue": "4150000000", "costofGoodsAndServicesSold": "3263000000", "operatingIncome": "4873000000", "sellingGeneralAndAdministrative": "590000000", "researchAndDevelopment": "None", "operatingExpenses": "3181000000", "investmentIncomeNet": "None", "netInterestIncome": "-1801000000", "interestIncome": "-1700000000", "interestExpense": "1801000000", "nonInterestIncome": "12109000000", "otherNonOperatingIncome": "75000000", "depreciation": "None", "depreciationAndAmortization": "297000000", "incomeBeforeTax": "3116000000", "incomeTaxExpense": "926000000", "interestAndDebtExpense": "None", "netIncomeFromContinuingOperations": "2239000000", "comprehensiveIncomeNetOfTax": "2187000000", "ebit": "4873000000", "ebitda": "5170000000", "netIncome": "2190000000"}, {"fiscalDateEnding": "2018-12-31", "reportedCurrency": "USD", "grossProfit": "8538000000", "totalRevenue": "14144000000", "costOfRevenue": "5606000000", "costofGoodsAndServicesSold": "4421000000", "operatingIncome": "3794000000", "sellingGeneralAndAdministrative": "601000000", "researchAndDevelopment": "None", "operatingExpenses": "3123000000", "investmentIncomeNet": "None", "netInterestIncome": "-1917000000", "interestIncome": "-1030000000", "interestExpense": "1917000000", "nonInterestIncome": "13311000000", "otherNonOperatingIncome": "107000000", "depreciation": "None", "depreciationAndAmortization": "314000000", "incomeBeforeTax": "2196000000", "incomeTaxExpense": "587000000", "interestAndDebtExpense": "0", "netIncomeFromContinuingOperations": "1919000000", "comprehensiveIncomeNetOfTax": "1929000000", "ebit": "3794000000", "ebitda": "4108000000", "netIncome": "1609000000"}, {"fiscalDateEnding": "2017-12-31", "reportedCurrency": "USD", "grossProfit": "8393000000", "totalRevenue": "13705000000", "costOfRevenue": "5312000000", "costofGoodsAndServicesSold": "4345000000", "operatingIncome": "3529000000", "sellingGeneralAndAdministrative": "673000000", "researchAndDevelopment": "None", "operatingExpenses": "3145000000", "investmentIncomeNet": "None", "netInterestIncome": "-1832000000", "interestIncome": "-1254000000", "interestExpense": "1832000000", "nonInterestIncome": "-4000000", "otherNonOperatingIncome": "97000000", "depreciation": "None", "depreciationAndAmortization": "281000000", "incomeBeforeTax": "2121000000", "incomeTaxExpense": "1938000000", "interestAndDebtExpense": "4000000", "netIncomeFromContinuingOperations": "223000000", "comprehensiveIncomeNetOfTax": "252000000", "ebit": "3529000000", "ebitda": "3810000000", "netIncome": "183000000"}, {"fiscalDateEnding": "2016-12-31", "reportedCurrency": "USD", "grossProfit": "8222000000", "totalRevenue": "13058000000", "costOfRevenue": "4836000000", "costofGoodsAndServicesSold": "3429000000", "operatingIncome": "3538000000", "sellingGeneralAndAdministrative": "669000000", "researchAndDevelopment": "None", "operatingExpenses": "2972000000", "investmentIncomeNet": "None", "netInterestIncome": "-1806000000", "interestIncome": "-1309000000", "interestExpense": "1806000000", "nonInterestIncome": "45000000", "otherNonOperatingIncome": "78000000", "depreciation": "None", "depreciationAndAmortization": "282000000", "incomeBeforeTax": "1625000000", "incomeTaxExpense": "917000000", "interestAndDebtExpense": "-45000000", "netIncomeFromContinuingOperations": "721000000", "comprehensiveIncomeNetOfTax": "508000000", "ebit": "3538000000", "ebitda": "3820000000", "netIncome": "708000000"}], "quarterlyReports": [{"fiscalDateEnding": "2021-09-30", "reportedCurrency": "USD", "grossProfit": "2091000000", "totalRevenue": "3824000000", "costOfRevenue": "1733000000", "costofGoodsAndServicesSold": "1559000000", "operatingIncome": "844000000", "sellingGeneralAndAdministrative": "174000000", "researchAndDevelopment": "None", "operatingExpenses": "788000000", "investmentIncomeNet": "None", "netInterestIncome": "-368000000", "interestIncome": "-199000000", "interestExpense": "368000000", "nonInterestIncome": "3615000000", "otherNonOperatingIncome": "21000000", "depreciation": "None", "depreciationAndAmortization": "526000000", "incomeBeforeTax": "629000000", "incomeTaxExpense": "134000000", "interestAndDebtExpense": "None", "netIncomeFromContinuingOperations": "511000000", "comprehensiveIncomeNetOfTax": "462000000", "ebit": "844000000", "ebitda": "1155000000", "netIncome": "495000000"}, {"fiscalDateEnding": "2021-06-30", "reportedCurrency": "USD", "grossProfit": "2054000000", "totalRevenue": "3150000000", "costOfRevenue": "1096000000", "costofGoodsAndServicesSold": "936000000", "operatingIncome": "-764000000", "sellingGeneralAndAdministrative": "160000000", "researchAndDevelopment": "None", "operatingExpenses": "742000000", "investmentIncomeNet": "None", "netInterestIncome": "-377000000", "interestIncome": "-220000000", "interestExpense": "377000000", "nonInterestIncome": "2906000000", "otherNonOperatingIncome": "20000000", "depreciation": "None", "depreciationAndAmortization": "528000000", "incomeBeforeTax": "-994000000", "incomeTaxExpense": "-237000000", "interestAndDebtExpense": "None", "netIncomeFromContinuingOperations": "-740000000", "comprehensiveIncomeNetOfTax": "-879000000", "ebit": "-764000000", "ebitda": "-466000000", "netIncome": "-757000000"}, {"fiscalDateEnding": "2021-03-31", "reportedCurrency": "USD", "grossProfit": "3046000000", "totalRevenue": "5211000000", "costOfRevenue": "2165000000", "costofGoodsAndServicesSold": "2009000000", "operatingIncome": "1886000000", "sellingGeneralAndAdministrative": "156000000", "researchAndDevelopment": "None", "operatingExpenses": "670000000", "investmentIncomeNet": "None", "netInterestIncome": "-377000000", "interestIncome": "-311000000", "interestExpense": "377000000", "nonInterestIncome": "5701000000", "otherNonOperatingIncome": "223000000", "depreciation": "None", "depreciationAndAmortization": "541000000", "incomeBeforeTax": "1760000000", "incomeTaxExpense": "351000000", "interestAndDebtExpense": "None", "netIncomeFromContinuingOperations": "1425000000", "comprehensiveIncomeNetOfTax": "1329000000", "ebit": "1886000000", "ebitda": "2301000000", "netIncome": "1409000000"}, {"fiscalDateEnding": "2020-12-31", "reportedCurrency": "USD", "grossProfit": "1790000000", "totalRevenue": "3115000000", "costOfRevenue": "1325000000", "costofGoodsAndServicesSold": "786000000", "operatingIncome": "980000000", "sellingGeneralAndAdministrative": "187000000", "researchAndDevelopment": "None", "operatingExpenses": "793000000", "investmentIncomeNet": "None", "netInterestIncome": "-381000000", "interestIncome": "-163000000", "interestExpense": "-436000000", "nonInterestIncome": "2766000000", "otherNonOperatingIncome": "24000000", "depreciation": "None", "depreciationAndAmortization": "528000000", "incomeBeforeTax": "784000000", "incomeTaxExpense": "177000000", "interestAndDebtExpense": "None", "netIncomeFromContinuingOperations": "623000000", "comprehensiveIncomeNetOfTax": "455000000", "ebit": "980000000", "ebitda": "1312000000", "netIncome": "607000000"}, {"fiscalDateEnding": "2020-09-30", "reportedCurrency": "USD", "grossProfit": "2111000000", "totalRevenue": "2919000000", "costOfRevenue": "808000000", "costofGoodsAndServicesSold": "655000000", "operatingIncome": "819000000", "sellingGeneralAndAdministrative": "153000000", "researchAndDevelopment": "None", "operatingExpenses": "796000000", "investmentIncomeNet": "None", "netInterestIncome": "-383000000", "interestIncome": "-189000000", "interestExpense": "383000000", "nonInterestIncome": "2515000000", "otherNonOperatingIncome": "14000000", "depreciation": "None", "depreciationAndAmortization": "1636000", "incomeBeforeTax": "595000000", "incomeTaxExpense": "140000000", "interestAndDebtExpense": "None", "netIncomeFromContinuingOperations": "472000000", "comprehensiveIncomeNetOfTax": "399000000", "ebit": "819000000", "ebitda": "595000000", "netIncome": "455000000"}, {"fiscalDateEnding": "2020-06-30", "reportedCurrency": "USD", "grossProfit": "1964000000", "totalRevenue": "2560000000", "costOfRevenue": "596000000", "costofGoodsAndServicesSold": "441000000", "operatingIncome": "-282000000", "sellingGeneralAndAdministrative": "155000000", "researchAndDevelopment": "None", "operatingExpenses": "761000000", "investmentIncomeNet": "None", "netInterestIncome": "-395000000", "interestIncome": "-219000000", "interestExpense": "395000000", "nonInterestIncome": "2154000000", "otherNonOperatingIncome": "16000000", "depreciation": "None", "depreciationAndAmortization": "None", "incomeBeforeTax": "-533000000", "incomeTaxExpense": "104000000", "interestAndDebtExpense": "None", "netIncomeFromContinuingOperations": "-624000000", "comprehensiveIncomeNetOfTax": "-774000000", "ebit": "-282000000", "ebitda": "-533000000", "netIncome": "-637000000"}, {"fiscalDateEnding": "2020-03-31", "reportedCurrency": "USD", "grossProfit": "2290000000", "totalRevenue": "3106000000", "costOfRevenue": "816000000", "costofGoodsAndServicesSold": "663000000", "operatingIncome": "43000000", "sellingGeneralAndAdministrative": "153000000", "researchAndDevelopment": "None", "operatingExpenses": "773000000", "investmentIncomeNet": "None", "netInterestIncome": "-436000000", "interestIncome": "-244000000", "interestExpense": "436000000", "nonInterestIncome": "2686000000", "otherNonOperatingIncome": "2000000", "depreciation": "None", "depreciationAndAmortization": "None", "incomeBeforeTax": "-246000000", "incomeTaxExpense": "60000000", "interestAndDebtExpense": "None", "netIncomeFromContinuingOperations": "-291000000", "comprehensiveIncomeNetOfTax": "-35000000", "ebit": "43000000", "ebitda": "190000000", "netIncome": "-306000000"}, {"fiscalDateEnding": "2019-12-31", "reportedCurrency": "USD", "grossProfit": "2206000000", "totalRevenue": "3352000000", "costOfRevenue": "1146000000", "costofGoodsAndServicesSold": "776000000", "operatingIncome": "1931000000", "sellingGeneralAndAdministrative": "134000000", "researchAndDevelopment": "None", "operatingExpenses": "813000000", "investmentIncomeNet": "None", "netInterestIncome": "-442000000", "interestIncome": "-867000000", "interestExpense": "442000000", "nonInterestIncome": "3013000000", "otherNonOperatingIncome": "40000000", "depreciation": "None", "depreciationAndAmortization": "236000000", "incomeBeforeTax": "1065000000", "incomeTaxExpense": "455000000", "interestAndDebtExpense": "None", "netIncomeFromContinuingOperations": "627000000", "comprehensiveIncomeNetOfTax": "661000000", "ebit": "1931000000", "ebitda": "2167000000", "netIncome": "610000000"}, {"fiscalDateEnding": "2019-09-30", "reportedCurrency": "USD", "grossProfit": "2277000000", "totalRevenue": "3214000000", "costOfRevenue": "937000000", "costofGoodsAndServicesSold": "762000000", "operatingIncome": "951000000", "sellingGeneralAndAdministrative": "154000000", "researchAndDevelopment": "None", "operatingExpenses": "822000000", "investmentIncomeNet": "None", "netInterestIncome": "-447000000", "interestIncome": "-274000000", "interestExpense": "447000000", "nonInterestIncome": "2953000000", "otherNonOperatingIncome": "12000000", "depreciation": "None", "depreciationAndAmortization": "21000000", "incomeBeforeTax": "657000000", "incomeTaxExpense": "151000000", "interestAndDebtExpense": "None", "netIncomeFromContinuingOperations": "517000000", "comprehensiveIncomeNetOfTax": "570000000", "ebit": "951000000", "ebitda": "972000000", "netIncome": "506000000"}, {"fiscalDateEnding": "2019-06-30", "reportedCurrency": "USD", "grossProfit": "2270000000", "totalRevenue": "3214000000", "costOfRevenue": "944000000", "costofGoodsAndServicesSold": "777000000", "operatingIncome": "973000000", "sellingGeneralAndAdministrative": "148000000", "researchAndDevelopment": "None", "operatingExpenses": "794000000", "investmentIncomeNet": "None", "netInterestIncome": "-452000000", "interestIncome": "-291000000", "interestExpense": "452000000", "nonInterestIncome": "2971000000", "otherNonOperatingIncome": "13000000", "depreciation": "None", "depreciationAndAmortization": "19000000", "incomeBeforeTax": "666000000", "incomeTaxExpense": "148000000", "interestAndDebtExpense": "None", "netIncomeFromContinuingOperations": "528000000", "comprehensiveIncomeNetOfTax": "578000000", "ebit": "973000000", "ebitda": "992000000", "netIncome": "518000000"}, {"fiscalDateEnding": "2019-03-31", "reportedCurrency": "USD", "grossProfit": "2306000000", "totalRevenue": "3429000000", "costOfRevenue": "1123000000", "costofGoodsAndServicesSold": "948000000", "operatingIncome": "1018000000", "sellingGeneralAndAdministrative": "154000000", "researchAndDevelopment": "None", "operatingExpenses": "752000000", "investmentIncomeNet": "None", "netInterestIncome": "-460000000", "interestIncome": "None", "interestExpense": "460000000", "nonInterestIncome": "3172000000", "otherNonOperatingIncome": "10000000", "depreciation": "None", "depreciationAndAmortization": "21000000", "incomeBeforeTax": "728000000", "incomeTaxExpense": "172000000", "interestAndDebtExpense": "None", "netIncomeFromContinuingOperations": "567000000", "comprehensiveIncomeNetOfTax": "378000000", "ebit": "1018000000", "ebitda": "1039000000", "netIncome": "556000000"}, {"fiscalDateEnding": "2018-12-31", "reportedCurrency": "USD", "grossProfit": "2235000000", "totalRevenue": "3781000000", "costOfRevenue": "1546000000", "costofGoodsAndServicesSold": "1199000000", "operatingIncome": "1058000000", "sellingGeneralAndAdministrative": "110000000", "researchAndDevelopment": "None", "operatingExpenses": "750000000", "investmentIncomeNet": "None", "netInterestIncome": "-461000000", "interestIncome": "None", "interestExpense": "461000000", "nonInterestIncome": "3387000000", "otherNonOperatingIncome": "17000000", "depreciation": "None", "depreciationAndAmortization": "237000000", "incomeBeforeTax": "767000000", "incomeTaxExpense": "273000000", "interestAndDebtExpense": "None", "netIncomeFromContinuingOperations": "502000000", "comprehensiveIncomeNetOfTax": "659000000", "ebit": "1058000000", "ebitda": "1295000000", "netIncome": "494000000"}, {"fiscalDateEnding": "2018-09-30", "reportedCurrency": "USD", "grossProfit": "2207000000", "totalRevenue": "3517000000", "costOfRevenue": "1310000000", "costofGoodsAndServicesSold": "1135000000", "operatingIncome": "1515000000", "sellingGeneralAndAdministrative": "154000000", "researchAndDevelopment": "None", "operatingExpenses": "800000000", "investmentIncomeNet": "None", "netInterestIncome": "-473000000", "interestIncome": "None", "interestExpense": "473000000", "nonInterestIncome": "3353000000", "otherNonOperatingIncome": "20000000", "depreciation": "None", "depreciationAndAmortization": "21000000", "incomeBeforeTax": "928000000", "incomeTaxExpense": "196000000", "interestAndDebtExpense": "None", "netIncomeFromContinuingOperations": "1005000000", "comprehensiveIncomeNetOfTax": "927000000", "ebit": "1515000000", "ebitda": "1536000000", "netIncome": "732000000"}, {"fiscalDateEnding": "2018-06-30", "reportedCurrency": "USD", "grossProfit": "1519000000", "totalRevenue": "3428000000", "costOfRevenue": "1909000000", "costofGoodsAndServicesSold": "1068000000", "operatingIncome": "272000000", "sellingGeneralAndAdministrative": "164000000", "researchAndDevelopment": "None", "operatingExpenses": "781000000", "investmentIncomeNet": "None", "netInterestIncome": "-516000000", "interestIncome": "None", "interestExpense": "516000000", "nonInterestIncome": "3317000000", "otherNonOperatingIncome": "34000000", "depreciation": "None", "depreciationAndAmortization": "24000000", "incomeBeforeTax": "-187000000", "incomeTaxExpense": "-46000000", "interestAndDebtExpense": "None", "netIncomeFromContinuingOperations": "-130000000", "comprehensiveIncomeNetOfTax": "-164000000", "ebit": "272000000", "ebitda": "296000000", "netIncome": "-141000000"}, {"fiscalDateEnding": "2018-03-31", "reportedCurrency": "USD", "grossProfit": "2194000000", "totalRevenue": "3418000000", "costOfRevenue": "1224000000", "costofGoodsAndServicesSold": "1019000000", "operatingIncome": "949000000", "sellingGeneralAndAdministrative": "173000000", "researchAndDevelopment": "None", "operatingExpenses": "792000000", "investmentIncomeNet": "None", "netInterestIncome": "-467000000", "interestIncome": "None", "interestExpense": "467000000", "nonInterestIncome": "3418000000", "otherNonOperatingIncome": "36000000", "depreciation": "None", "depreciationAndAmortization": "32000000", "incomeBeforeTax": "688000000", "incomeTaxExpense": "164000000", "interestAndDebtExpense": "None", "netIncomeFromContinuingOperations": "542000000", "comprehensiveIncomeNetOfTax": "507000000", "ebit": "949000000", "ebitda": "981000000", "netIncome": "524000000"}, {"fiscalDateEnding": "2017-12-31", "reportedCurrency": "USD", "grossProfit": "2076000000", "totalRevenue": "3632000000", "costOfRevenue": "1556000000", "costofGoodsAndServicesSold": "1207000000", "operatingIncome": "808000000", "sellingGeneralAndAdministrative": "175000000", "researchAndDevelopment": "None", "operatingExpenses": "1011000000", "investmentIncomeNet": "None", "netInterestIncome": "-445000000", "interestIncome": "None", "interestExpense": "445000000", "nonInterestIncome": "None", "otherNonOperatingIncome": "26000000", "depreciation": "None", "depreciationAndAmortization": "236000000", "incomeBeforeTax": "310000000", "incomeTaxExpense": "1316000000", "interestAndDebtExpense": "None", "netIncomeFromContinuingOperations": "-992000000", "comprehensiveIncomeNetOfTax": "-1078000000", "ebit": "808000000", "ebitda": "1044000000", "netIncome": "-1006000000"}, {"fiscalDateEnding": "2017-09-30", "reportedCurrency": "USD", "grossProfit": "2066000000", "totalRevenue": "3281000000", "costOfRevenue": "1215000000", "costofGoodsAndServicesSold": "1007000000", "operatingIncome": "826000000", "sellingGeneralAndAdministrative": "164000000", "researchAndDevelopment": "None", "operatingExpenses": "751000000", "investmentIncomeNet": "None", "netInterestIncome": "-459000000", "interestIncome": "None", "interestExpense": "459000000", "nonInterestIncome": "None", "otherNonOperatingIncome": "28000000", "depreciation": "None", "depreciationAndAmortization": "15000000", "incomeBeforeTax": "533000000", "incomeTaxExpense": "160000000", "interestAndDebtExpense": "None", "netIncomeFromContinuingOperations": "387000000", "comprehensiveIncomeNetOfTax": "387000000", "ebit": "826000000", "ebitda": "841000000", "netIncome": "373000000"}, {"fiscalDateEnding": "2017-06-30", "reportedCurrency": "USD", "grossProfit": "2110000000", "totalRevenue": "3368000000", "costOfRevenue": "1258000000", "costofGoodsAndServicesSold": "1070000000", "operatingIncome": "918000000", "sellingGeneralAndAdministrative": "153000000", "researchAndDevelopment": "None", "operatingExpenses": "689000000", "investmentIncomeNet": "None", "netInterestIncome": "-463000000", "interestIncome": "None", "interestExpense": "463000000", "nonInterestIncome": "None", "otherNonOperatingIncome": "24000000", "depreciation": "None", "depreciationAndAmortization": "15000000", "incomeBeforeTax": "592000000", "incomeTaxExpense": "216000000", "interestAndDebtExpense": "None", "netIncomeFromContinuingOperations": "383000000", "comprehensiveIncomeNetOfTax": "435000000", "ebit": "918000000", "ebitda": "933000000", "netIncome": "376000000"}, {"fiscalDateEnding": "2017-03-31", "reportedCurrency": "USD", "grossProfit": "2141000000", "totalRevenue": "3424000000", "costOfRevenue": "1283000000", "costofGoodsAndServicesSold": "1061000000", "operatingIncome": "977000000", "sellingGeneralAndAdministrative": "181000000", "researchAndDevelopment": "None", "operatingExpenses": "694000000", "investmentIncomeNet": "None", "netInterestIncome": "-465000000", "interestIncome": "None", "interestExpense": "465000000", "nonInterestIncome": "None", "otherNonOperatingIncome": "19000000", "depreciation": "None", "depreciationAndAmortization": "15000000", "incomeBeforeTax": "686000000", "incomeTaxExpense": "246000000", "interestAndDebtExpense": "None", "netIncomeFromContinuingOperations": "445000000", "comprehensiveIncomeNetOfTax": "508000000", "ebit": "977000000", "ebitda": "992000000", "netIncome": "440000000"}, {"fiscalDateEnding": "2016-12-31", "reportedCurrency": "USD", "grossProfit": "1909000000", "totalRevenue": "3389000000", "costOfRevenue": "1480000000", "costofGoodsAndServicesSold": "975000000", "operatingIncome": "900000000", "sellingGeneralAndAdministrative": "119000000", "researchAndDevelopment": "None", "operatingExpenses": "678000000", "investmentIncomeNet": "None", "netInterestIncome": "-422000000", "interestIncome": "None", "interestExpense": "422000000", "nonInterestIncome": "389000000", "otherNonOperatingIncome": "36000000", "depreciation": "None", "depreciationAndAmortization": "237000000", "incomeBeforeTax": "382000000", "incomeTaxExpense": "173000000", "interestAndDebtExpense": "None", "netIncomeFromContinuingOperations": "215000000", "comprehensiveIncomeNetOfTax": "105000000", "ebit": "900000000", "ebitda": "1137000000", "netIncome": "209000000"}]}