{"symbol": "L", "annualReports": [{"fiscalDateEnding": "2020-12-31", "reportedCurrency": "USD", "grossProfit": "-2769000000", "totalRevenue": "12583000000", "costOfRevenue": "15352000000", "costofGoodsAndServicesSold": "None", "operatingIncome": "-9143000000", "sellingGeneralAndAdministrative": "37000000", "researchAndDevelopment": "None", "operatingExpenses": "6374000000", "investmentIncomeNet": "-76000000", "netInterestIncome": "-515000000", "interestIncome": "None", "interestExpense": "515000000", "nonInterestIncome": "10481000000", "otherNonOperatingIncome": "None", "depreciation": "None", "depreciationAndAmortization": "734000000", "incomeBeforeTax": "-1104000000", "incomeTaxExpense": "-173000000", "interestAndDebtExpense": "515000000", "netIncomeFromContinuingOperations": "-1291000000", "comprehensiveIncomeNetOfTax": "-282000000", "ebit": "-589000000", "ebitda": "145000000", "netIncome": "-931000000"}, {"fiscalDateEnding": "2019-12-31", "reportedCurrency": "USD", "grossProfit": "-225000000", "totalRevenue": "14931000000", "costOfRevenue": "15156000000", "costofGoodsAndServicesSold": "1082000000", "operatingIncome": "-6254000000", "sellingGeneralAndAdministrative": "37000000", "researchAndDevelopment": "None", "operatingExpenses": "6029000000", "investmentIncomeNet": "-75000000", "netInterestIncome": "-591000000", "interestIncome": "None", "interestExpense": "591000000", "nonInterestIncome": "11295000000", "otherNonOperatingIncome": "None", "depreciation": "None", "depreciationAndAmortization": "943000000", "incomeBeforeTax": "1180000000", "incomeTaxExpense": "248000000", "interestAndDebtExpense": "591000000", "netIncomeFromContinuingOperations": "940000000", "comprehensiveIncomeNetOfTax": "1744000000", "ebit": "1771000000", "ebitda": "2714000000", "netIncome": "932000000"}, {"fiscalDateEnding": "2018-12-31", "reportedCurrency": "USD", "grossProfit": "-447000000", "totalRevenue": "14066000000", "costOfRevenue": "14513000000", "costofGoodsAndServicesSold": "923000000", "operatingIncome": "-6386000000", "sellingGeneralAndAdministrative": "155000000", "researchAndDevelopment": "None", "operatingExpenses": "5939000000", "investmentIncomeNet": "-61000000", "netInterestIncome": "-574000000", "interestIncome": "None", "interestExpense": "574000000", "nonInterestIncome": "11198000000", "otherNonOperatingIncome": "None", "depreciation": "None", "depreciationAndAmortization": "912000000", "incomeBeforeTax": "764000000", "incomeTaxExpense": "128000000", "interestAndDebtExpense": "574000000", "netIncomeFromContinuingOperations": "779000000", "comprehensiveIncomeNetOfTax": "-161000000", "ebit": "1338000000", "ebitda": "2250000000", "netIncome": "636000000"}, {"fiscalDateEnding": "2017-12-31", "reportedCurrency": "USD", "grossProfit": "-46000000", "totalRevenue": "13735000000", "costOfRevenue": "13781000000", "costofGoodsAndServicesSold": "299000000", "operatingIncome": "-5334000000", "sellingGeneralAndAdministrative": "146000000", "researchAndDevelopment": "None", "operatingExpenses": "5288000000", "investmentIncomeNet": "-59000000", "netInterestIncome": "-646000000", "interestIncome": "None", "interestExpense": "646000000", "nonInterestIncome": "7014000000", "otherNonOperatingIncome": "None", "depreciation": "None", "depreciationAndAmortization": "874000000", "incomeBeforeTax": "1334000000", "incomeTaxExpense": "170000000", "interestAndDebtExpense": "646000000", "netIncomeFromContinuingOperations": "1493000000", "comprehensiveIncomeNetOfTax": "1361000000", "ebit": "1980000000", "ebitda": "2854000000", "netIncome": "1164000000"}, {"fiscalDateEnding": "2016-12-31", "reportedCurrency": "USD", "grossProfit": "-208000000", "totalRevenue": "13105000000", "costOfRevenue": "13313000000", "costofGoodsAndServicesSold": "271000000", "operatingIncome": "-5291000000", "sellingGeneralAndAdministrative": "43000000", "researchAndDevelopment": "None", "operatingExpenses": "5083000000", "investmentIncomeNet": "-59000000", "netInterestIncome": "-536000000", "interestIncome": "None", "interestExpense": "536000000", "nonInterestIncome": "6903000000", "otherNonOperatingIncome": "None", "depreciation": "841000000", "depreciationAndAmortization": "841000000", "incomeBeforeTax": "874000000", "incomeTaxExpense": "220000000", "interestAndDebtExpense": "536000000", "netIncomeFromContinuingOperations": "654000000", "comprehensiveIncomeNetOfTax": "788000000", "ebit": "1410000000", "ebitda": "2251000000", "netIncome": "654000000"}], "quarterlyReports": [{"fiscalDateEnding": "2021-09-30", "reportedCurrency": "USD", "grossProfit": "-261000000", "totalRevenue": "3371000000", "costOfRevenue": "3632000000", "costofGoodsAndServicesSold": "None", "operatingIncome": "-899000000", "sellingGeneralAndAdministrative": "None", "researchAndDevelopment": "None", "operatingExpenses": "638000000", "investmentIncomeNet": "-18000000", "netInterestIncome": "-99000000", "interestIncome": "None", "interestExpense": "99000000", "nonInterestIncome": "2484000000", "otherNonOperatingIncome": "None", "depreciation": "None", "depreciationAndAmortization": "None", "incomeBeforeTax": "278000000", "incomeTaxExpense": "58000000", "interestAndDebtExpense": "99000000", "netIncomeFromContinuingOperations": "246000000", "comprehensiveIncomeNetOfTax": "84000000", "ebit": "377000000", "ebitda": "None", "netIncome": "220000000"}, {"fiscalDateEnding": "2021-06-30", "reportedCurrency": "USD", "grossProfit": "554000000", "totalRevenue": "4003000000", "costOfRevenue": "3449000000", "costofGoodsAndServicesSold": "None", "operatingIncome": "-102000000", "sellingGeneralAndAdministrative": "None", "researchAndDevelopment": "None", "operatingExpenses": "656000000", "investmentIncomeNet": "-18000000", "netInterestIncome": "-100000000", "interestIncome": "None", "interestExpense": "100000000", "nonInterestIncome": "2431000000", "otherNonOperatingIncome": "None", "depreciation": "None", "depreciationAndAmortization": "None", "incomeBeforeTax": "973000000", "incomeTaxExpense": "219000000", "interestAndDebtExpense": "100000000", "netIncomeFromContinuingOperations": "793000000", "comprehensiveIncomeNetOfTax": "1047000000", "ebit": "1073000000", "ebitda": "None", "netIncome": "754000000"}, {"fiscalDateEnding": "2021-03-31", "reportedCurrency": "USD", "grossProfit": "251000000", "totalRevenue": "3622000000", "costOfRevenue": "3371000000", "costofGoodsAndServicesSold": "None", "operatingIncome": "-663000000", "sellingGeneralAndAdministrative": "None", "researchAndDevelopment": "None", "operatingExpenses": "914000000", "investmentIncomeNet": "-20000000", "netInterestIncome": "-125000000", "interestIncome": "None", "interestExpense": "125000000", "nonInterestIncome": "2659000000", "otherNonOperatingIncome": "None", "depreciation": "None", "depreciationAndAmortization": "None", "incomeBeforeTax": "375000000", "incomeTaxExpense": "114000000", "interestAndDebtExpense": "125000000", "netIncomeFromContinuingOperations": "293000000", "comprehensiveIncomeNetOfTax": "-286000000", "ebit": "500000000", "ebitda": "None", "netIncome": "261000000"}, {"fiscalDateEnding": "2020-12-31", "reportedCurrency": "USD", "grossProfit": "3709000000", "totalRevenue": "3709000000", "costOfRevenue": "4866000000", "costofGoodsAndServicesSold": "None", "operatingIncome": "3709000000", "sellingGeneralAndAdministrative": "None", "researchAndDevelopment": "None", "operatingExpenses": "2480000000", "investmentIncomeNet": "-18000000", "netInterestIncome": "-111000000", "interestIncome": "None", "interestExpense": "111000000", "nonInterestIncome": "2664000000", "otherNonOperatingIncome": "None", "depreciation": "None", "depreciationAndAmortization": "None", "incomeBeforeTax": "508000000", "incomeTaxExpense": "111000000", "interestAndDebtExpense": "111000000", "netIncomeFromContinuingOperations": "3709000000", "comprehensiveIncomeNetOfTax": "740000000", "ebit": "619000000", "ebitda": "None", "netIncome": "397000000"}, {"fiscalDateEnding": "2020-09-30", "reportedCurrency": "USD", "grossProfit": "-201000000", "totalRevenue": "3465000000", "costOfRevenue": "3666000000", "costofGoodsAndServicesSold": "None", "operatingIncome": "-1077000000", "sellingGeneralAndAdministrative": "None", "researchAndDevelopment": "None", "operatingExpenses": "876000000", "investmentIncomeNet": "-19000000", "netInterestIncome": "-137000000", "interestIncome": "None", "interestExpense": "137000000", "nonInterestIncome": "2522000000", "otherNonOperatingIncome": "None", "depreciation": "None", "depreciationAndAmortization": "None", "incomeBeforeTax": "160000000", "incomeTaxExpense": "21000000", "interestAndDebtExpense": "137000000", "netIncomeFromContinuingOperations": "162000000", "comprehensiveIncomeNetOfTax": "372000000", "ebit": "297000000", "ebitda": "None", "netIncome": "139000000"}, {"fiscalDateEnding": "2020-06-30", "reportedCurrency": "USD", "grossProfit": "-1316000000", "totalRevenue": "2310000000", "costOfRevenue": "3626000000", "costofGoodsAndServicesSold": "None", "operatingIncome": "-2308000000", "sellingGeneralAndAdministrative": "None", "researchAndDevelopment": "None", "operatingExpenses": "992000000", "investmentIncomeNet": "-18000000", "netInterestIncome": "-123000000", "interestIncome": "None", "interestExpense": "123000000", "nonInterestIncome": "2467000000", "otherNonOperatingIncome": "None", "depreciation": "None", "depreciationAndAmortization": "None", "incomeBeforeTax": "-1063000000", "incomeTaxExpense": "-228000000", "interestAndDebtExpense": "123000000", "netIncomeFromContinuingOperations": "-846000000", "comprehensiveIncomeNetOfTax": "263000000", "ebit": "-940000000", "ebitda": "None", "netIncome": "-835000000"}, {"fiscalDateEnding": "2020-03-31", "reportedCurrency": "USD", "grossProfit": "-95000000", "totalRevenue": "3099000000", "costOfRevenue": "3194000000", "costofGoodsAndServicesSold": "None", "operatingIncome": "-2121000000", "sellingGeneralAndAdministrative": "None", "researchAndDevelopment": "None", "operatingExpenses": "2026000000", "investmentIncomeNet": "-21000000", "netInterestIncome": "-144000000", "interestIncome": "None", "interestExpense": "144000000", "nonInterestIncome": "2828000000", "otherNonOperatingIncome": "None", "depreciation": "None", "depreciationAndAmortization": "None", "incomeBeforeTax": "-709000000", "incomeTaxExpense": "-77000000", "interestAndDebtExpense": "144000000", "netIncomeFromContinuingOperations": "-1044000000", "comprehensiveIncomeNetOfTax": "-1657000000", "ebit": "-565000000", "ebitda": "None", "netIncome": "-632000000"}, {"fiscalDateEnding": "2019-12-31", "reportedCurrency": "USD", "grossProfit": "3876000000", "totalRevenue": "3876000000", "costOfRevenue": "4684000000", "costofGoodsAndServicesSold": "281000000", "operatingIncome": "3876000000", "sellingGeneralAndAdministrative": "None", "researchAndDevelopment": "None", "operatingExpenses": "2415000000", "investmentIncomeNet": "-19000000", "netInterestIncome": "-142000000", "interestIncome": "None", "interestExpense": "142000000", "nonInterestIncome": "2926000000", "otherNonOperatingIncome": "None", "depreciation": "None", "depreciationAndAmortization": "None", "incomeBeforeTax": "282000000", "incomeTaxExpense": "65000000", "interestAndDebtExpense": "142000000", "netIncomeFromContinuingOperations": "3876000000", "comprehensiveIncomeNetOfTax": "132000000", "ebit": "424000000", "ebitda": "None", "netIncome": "217000000"}, {"fiscalDateEnding": "2019-09-30", "reportedCurrency": "USD", "grossProfit": "-176000000", "totalRevenue": "3675000000", "costOfRevenue": "3851000000", "costofGoodsAndServicesSold": "278000000", "operatingIncome": "-1410000000", "sellingGeneralAndAdministrative": "None", "researchAndDevelopment": "None", "operatingExpenses": "1234000000", "investmentIncomeNet": "-19000000", "netInterestIncome": "-144000000", "interestIncome": "None", "interestExpense": "144000000", "nonInterestIncome": "2830000000", "otherNonOperatingIncome": "None", "depreciation": "None", "depreciationAndAmortization": "None", "incomeBeforeTax": "93000000", "incomeTaxExpense": "21000000", "interestAndDebtExpense": "144000000", "netIncomeFromContinuingOperations": "39000000", "comprehensiveIncomeNetOfTax": "86000000", "ebit": "237000000", "ebitda": "None", "netIncome": "72000000"}, {"fiscalDateEnding": "2019-06-30", "reportedCurrency": "USD", "grossProfit": "318000000", "totalRevenue": "3623000000", "costOfRevenue": "3305000000", "costofGoodsAndServicesSold": "263000000", "operatingIncome": "-913000000", "sellingGeneralAndAdministrative": "None", "researchAndDevelopment": "None", "operatingExpenses": "1231000000", "investmentIncomeNet": "-18000000", "netInterestIncome": "-164000000", "interestIncome": "None", "interestExpense": "164000000", "nonInterestIncome": "2769000000", "otherNonOperatingIncome": "None", "depreciation": "None", "depreciationAndAmortization": "None", "incomeBeforeTax": "299000000", "incomeTaxExpense": "50000000", "interestAndDebtExpense": "164000000", "netIncomeFromContinuingOperations": "225000000", "comprehensiveIncomeNetOfTax": "642000000", "ebit": "463000000", "ebitda": "None", "netIncome": "249000000"}, {"fiscalDateEnding": "2019-03-31", "reportedCurrency": "USD", "grossProfit": "441000000", "totalRevenue": "3757000000", "costOfRevenue": "3316000000", "costofGoodsAndServicesSold": "260000000", "operatingIncome": "-708000000", "sellingGeneralAndAdministrative": "None", "researchAndDevelopment": "None", "operatingExpenses": "1149000000", "investmentIncomeNet": "-19000000", "netInterestIncome": "-141000000", "interestIncome": "None", "interestExpense": "141000000", "nonInterestIncome": "2770000000", "otherNonOperatingIncome": "None", "depreciation": "None", "depreciationAndAmortization": "None", "incomeBeforeTax": "506000000", "incomeTaxExpense": "112000000", "interestAndDebtExpense": "141000000", "netIncomeFromContinuingOperations": "396000000", "comprehensiveIncomeNetOfTax": "884000000", "ebit": "647000000", "ebitda": "None", "netIncome": "394000000"}, {"fiscalDateEnding": "2018-12-31", "reportedCurrency": "USD", "grossProfit": "3287000000", "totalRevenue": "3287000000", "costOfRevenue": "5565000000", "costofGoodsAndServicesSold": "247000000", "operatingIncome": "3287000000", "sellingGeneralAndAdministrative": "None", "researchAndDevelopment": "None", "operatingExpenses": "1626000000", "investmentIncomeNet": "-16000000", "netInterestIncome": "-144000000", "interestIncome": "None", "interestExpense": "144000000", "nonInterestIncome": "2062000000", "otherNonOperatingIncome": "None", "depreciation": "None", "depreciationAndAmortization": "None", "incomeBeforeTax": "-186000000", "incomeTaxExpense": "-21000000", "interestAndDebtExpense": "144000000", "netIncomeFromContinuingOperations": "3287000000", "comprehensiveIncomeNetOfTax": "-287000000", "ebit": "-42000000", "ebitda": "None", "netIncome": "-165000000"}, {"fiscalDateEnding": "2018-09-30", "reportedCurrency": "USD", "grossProfit": "647000000", "totalRevenue": "3608000000", "costOfRevenue": "2961000000", "costofGoodsAndServicesSold": "235000000", "operatingIncome": "-812000000", "sellingGeneralAndAdministrative": "None", "researchAndDevelopment": "None", "operatingExpenses": "1459000000", "investmentIncomeNet": "-14000000", "netInterestIncome": "-146000000", "interestIncome": "None", "interestExpense": "146000000", "nonInterestIncome": "3062000000", "otherNonOperatingIncome": "None", "depreciation": "None", "depreciationAndAmortization": "None", "incomeBeforeTax": "343000000", "incomeTaxExpense": "65000000", "interestAndDebtExpense": "146000000", "netIncomeFromContinuingOperations": "289000000", "comprehensiveIncomeNetOfTax": "145000000", "ebit": "489000000", "ebitda": "None", "netIncome": "278000000"}, {"fiscalDateEnding": "2018-06-30", "reportedCurrency": "USD", "grossProfit": "577000000", "totalRevenue": "3590000000", "costOfRevenue": "3013000000", "costofGoodsAndServicesSold": "225000000", "operatingIncome": "-877000000", "sellingGeneralAndAdministrative": "None", "researchAndDevelopment": "None", "operatingExpenses": "1454000000", "investmentIncomeNet": "-16000000", "netInterestIncome": "-143000000", "interestIncome": "None", "interestExpense": "143000000", "nonInterestIncome": "3028000000", "otherNonOperatingIncome": "None", "depreciation": "None", "depreciationAndAmortization": "None", "incomeBeforeTax": "289000000", "incomeTaxExpense": "59000000", "interestAndDebtExpense": "143000000", "netIncomeFromContinuingOperations": "248000000", "comprehensiveIncomeNetOfTax": "51000000", "ebit": "432000000", "ebitda": "None", "netIncome": "230000000"}, {"fiscalDateEnding": "2018-03-31", "reportedCurrency": "USD", "grossProfit": "607000000", "totalRevenue": "3581000000", "costOfRevenue": "2974000000", "costofGoodsAndServicesSold": "216000000", "operatingIncome": "-793000000", "sellingGeneralAndAdministrative": "None", "researchAndDevelopment": "None", "operatingExpenses": "1400000000", "investmentIncomeNet": "-15000000", "netInterestIncome": "-141000000", "interestIncome": "None", "interestExpense": "141000000", "nonInterestIncome": "3053000000", "otherNonOperatingIncome": "None", "depreciation": "None", "depreciationAndAmortization": "None", "incomeBeforeTax": "318000000", "incomeTaxExpense": "25000000", "interestAndDebtExpense": "141000000", "netIncomeFromContinuingOperations": "380000000", "comprehensiveIncomeNetOfTax": "-70000000", "ebit": "459000000", "ebitda": "None", "netIncome": "293000000"}, {"fiscalDateEnding": "2017-12-31", "reportedCurrency": "USD", "grossProfit": "3555000000", "totalRevenue": "3555000000", "costOfRevenue": "4151000000", "costofGoodsAndServicesSold": "-299000000", "operatingIncome": "3555000000", "sellingGeneralAndAdministrative": "None", "researchAndDevelopment": "None", "operatingExpenses": "2310000000", "investmentIncomeNet": "-15000000", "netInterestIncome": "-142000000", "interestIncome": "None", "interestExpense": "142000000", "nonInterestIncome": "1829000000", "otherNonOperatingIncome": "None", "depreciation": "None", "depreciationAndAmortization": "None", "incomeBeforeTax": "411000000", "incomeTaxExpense": "-70000000", "interestAndDebtExpense": "142000000", "netIncomeFromContinuingOperations": "3555000000", "comprehensiveIncomeNetOfTax": "423000000", "ebit": "553000000", "ebitda": "None", "netIncome": "481000000"}, {"fiscalDateEnding": "2017-09-30", "reportedCurrency": "USD", "grossProfit": "54000000", "totalRevenue": "3521000000", "costOfRevenue": "3467000000", "costofGoodsAndServicesSold": "198000000", "operatingIncome": "-993000000", "sellingGeneralAndAdministrative": "None", "researchAndDevelopment": "None", "operatingExpenses": "1047000000", "investmentIncomeNet": "-15000000", "netInterestIncome": "-223000000", "interestIncome": "None", "interestExpense": "223000000", "nonInterestIncome": "1806000000", "otherNonOperatingIncome": "None", "depreciation": "None", "depreciationAndAmortization": "None", "incomeBeforeTax": "209000000", "incomeTaxExpense": "52000000", "interestAndDebtExpense": "223000000", "netIncomeFromContinuingOperations": "212000000", "comprehensiveIncomeNetOfTax": "225000000", "ebit": "432000000", "ebitda": "None", "netIncome": "157000000"}, {"fiscalDateEnding": "2017-06-30", "reportedCurrency": "USD", "grossProfit": "291000000", "totalRevenue": "3359000000", "costOfRevenue": "3068000000", "costofGoodsAndServicesSold": "196000000", "operatingIncome": "-794000000", "sellingGeneralAndAdministrative": "None", "researchAndDevelopment": "None", "operatingExpenses": "1085000000", "investmentIncomeNet": "-15000000", "netInterestIncome": "-139000000", "interestIncome": "None", "interestExpense": "139000000", "nonInterestIncome": "1734000000", "otherNonOperatingIncome": "None", "depreciation": "None", "depreciationAndAmortization": "None", "incomeBeforeTax": "300000000", "incomeTaxExpense": "69000000", "interestAndDebtExpense": "139000000", "netIncomeFromContinuingOperations": "278000000", "comprehensiveIncomeNetOfTax": "344000000", "ebit": "439000000", "ebitda": "None", "netIncome": "231000000"}, {"fiscalDateEnding": "2017-03-31", "reportedCurrency": "USD", "grossProfit": "205000000", "totalRevenue": "3300000000", "costOfRevenue": "3095000000", "costofGoodsAndServicesSold": "204000000", "operatingIncome": "-641000000", "sellingGeneralAndAdministrative": "None", "researchAndDevelopment": "None", "operatingExpenses": "846000000", "investmentIncomeNet": "-14000000", "netInterestIncome": "-142000000", "interestIncome": "None", "interestExpense": "142000000", "nonInterestIncome": "1645000000", "otherNonOperatingIncome": "None", "depreciation": "None", "depreciationAndAmortization": "None", "incomeBeforeTax": "414000000", "incomeTaxExpense": "119000000", "interestAndDebtExpense": "142000000", "netIncomeFromContinuingOperations": "391000000", "comprehensiveIncomeNetOfTax": "369000000", "ebit": "556000000", "ebitda": "None", "netIncome": "295000000"}, {"fiscalDateEnding": "2016-12-31", "reportedCurrency": "USD", "grossProfit": "3338000000", "totalRevenue": "3338000000", "costOfRevenue": "3891000000", "costofGoodsAndServicesSold": "-327000000", "operatingIncome": "3338000000", "sellingGeneralAndAdministrative": "None", "researchAndDevelopment": "None", "operatingExpenses": "1667000000", "investmentIncomeNet": "-16000000", "netInterestIncome": "-133000000", "interestIncome": "None", "interestExpense": "133000000", "nonInterestIncome": "1707000000", "otherNonOperatingIncome": "None", "depreciation": "None", "depreciationAndAmortization": "None", "incomeBeforeTax": "339000000", "incomeTaxExpense": "49000000", "interestAndDebtExpense": "133000000", "netIncomeFromContinuingOperations": "350000000", "comprehensiveIncomeNetOfTax": "-77000000", "ebit": "472000000", "ebitda": "None", "netIncome": "290000000"}]}