{"symbol": "LDOS", "annualReports": [{"fiscalDateEnding": "2020-12-31", "reportedCurrency": "USD", "grossProfit": "1737000000", "totalRevenue": "12297000000", "costOfRevenue": "10560000000", "costofGoodsAndServicesSold": "None", "operatingIncome": "998000000", "sellingGeneralAndAdministrative": "770000000", "researchAndDevelopment": "73000000", "operatingExpenses": "None", "investmentIncomeNet": "3000000", "netInterestIncome": "-179000000", "interestIncome": "3000000", "interestExpense": "182000000", "nonInterestIncome": "None", "otherNonOperatingIncome": "-38000000", "depreciation": "84000000", "depreciationAndAmortization": "None", "incomeBeforeTax": "780000000", "incomeTaxExpense": "152000000", "interestAndDebtExpense": "None", "netIncomeFromContinuingOperations": "None", "comprehensiveIncomeNetOfTax": "652000000", "ebit": "962000000", "ebitda": "None", "netIncome": "628000000"}, {"fiscalDateEnding": "2019-12-31", "reportedCurrency": "USD", "grossProfit": "1548000000", "totalRevenue": "11094000000", "costOfRevenue": "9546000000", "costofGoodsAndServicesSold": "86000000", "operatingIncome": "912000000", "sellingGeneralAndAdministrative": "689000000", "researchAndDevelopment": "49000000", "operatingExpenses": "845000000", "investmentIncomeNet": "14000000", "netInterestIncome": "-133000000", "interestIncome": "14000000", "interestExpense": "147000000", "nonInterestIncome": "11063000000", "otherNonOperatingIncome": "87000000", "depreciation": "61000000", "depreciationAndAmortization": "181000000", "incomeBeforeTax": "863000000", "incomeTaxExpense": "196000000", "interestAndDebtExpense": "147000000", "netIncomeFromContinuingOperations": "670000000", "comprehensiveIncomeNetOfTax": "627000000", "ebit": "1010000000", "ebitda": "1191000000", "netIncome": "667000000"}, {"fiscalDateEnding": "2018-12-31", "reportedCurrency": "USD", "grossProfit": "1504000000", "totalRevenue": "10194000000", "costOfRevenue": "8690000000", "costofGoodsAndServicesSold": "None", "operatingIncome": "749000000", "sellingGeneralAndAdministrative": "729000000", "researchAndDevelopment": "46000000", "operatingExpenses": "983000000", "investmentIncomeNet": "7000000", "netInterestIncome": "-138000000", "interestIncome": "7000000", "interestExpense": "145000000", "nonInterestIncome": "10197000000", "otherNonOperatingIncome": "-1000000", "depreciation": "56000000", "depreciationAndAmortization": "201000000", "incomeBeforeTax": "609000000", "incomeTaxExpense": "28000000", "interestAndDebtExpense": "145000000", "netIncomeFromContinuingOperations": "582000000", "comprehensiveIncomeNetOfTax": "509000000", "ebit": "754000000", "ebitda": "955000000", "netIncome": "581000000"}, {"fiscalDateEnding": "2017-12-31", "reportedCurrency": "USD", "grossProfit": "1432000000", "totalRevenue": "10170000000", "costOfRevenue": "8738000000", "costofGoodsAndServicesSold": "None", "operatingIncome": "559000000", "sellingGeneralAndAdministrative": "737000000", "researchAndDevelopment": "42000000", "operatingExpenses": "909000000", "investmentIncomeNet": "8000000", "netInterestIncome": "-140000000", "interestIncome": "8000000", "interestExpense": "148000000", "nonInterestIncome": "8000000", "otherNonOperatingIncome": "-26000000", "depreciation": "55000000", "depreciationAndAmortization": "281000000", "incomeBeforeTax": "395000000", "incomeTaxExpense": "29000000", "interestAndDebtExpense": "148000000", "netIncomeFromContinuingOperations": "364000000", "comprehensiveIncomeNetOfTax": "403000000", "ebit": "543000000", "ebitda": "824000000", "netIncome": "366000000"}, {"fiscalDateEnding": "2016-12-31", "reportedCurrency": "USD", "grossProfit": "940000000", "totalRevenue": "7043000000", "costOfRevenue": "6103000000", "costofGoodsAndServicesSold": "None", "operatingIncome": "417000000", "sellingGeneralAndAdministrative": "422000000", "researchAndDevelopment": "44000000", "operatingExpenses": "469000000", "investmentIncomeNet": "10000000", "netInterestIncome": "-86000000", "interestIncome": "10000000", "interestExpense": "96000000", "nonInterestIncome": "-16000000", "otherNonOperatingIncome": "-13000000", "depreciation": "38000000", "depreciationAndAmortization": "84000000", "incomeBeforeTax": "316000000", "incomeTaxExpense": "72000000", "interestAndDebtExpense": "96000000", "netIncomeFromContinuingOperations": "246000000", "comprehensiveIncomeNetOfTax": "248000000", "ebit": "412000000", "ebitda": "496000000", "netIncome": "244000000"}], "quarterlyReports": [{"fiscalDateEnding": "2021-09-30", "reportedCurrency": "USD", "grossProfit": "541000000", "totalRevenue": "3483000000", "costOfRevenue": "2942000000", "costofGoodsAndServicesSold": "None", "operatingIncome": "305000000", "sellingGeneralAndAdministrative": "233000000", "researchAndDevelopment": "None", "operatingExpenses": "299000000", "investmentIncomeNet": "None", "netInterestIncome": "-47000000", "interestIncome": "None", "interestExpense": "None", "nonInterestIncome": "3449000000", "otherNonOperatingIncome": "2000000", "depreciation": "None", "depreciationAndAmortization": "63000000", "incomeBeforeTax": "257000000", "incomeTaxExpense": "52000000", "interestAndDebtExpense": "None", "netIncomeFromContinuingOperations": "208000000", "comprehensiveIncomeNetOfTax": "180000000", "ebit": "305000000", "ebitda": "368000000", "netIncome": "205000000"}, {"fiscalDateEnding": "2021-06-30", "reportedCurrency": "USD", "grossProfit": "498000000", "totalRevenue": "3448000000", "costOfRevenue": "2950000000", "costofGoodsAndServicesSold": "None", "operatingIncome": "269000000", "sellingGeneralAndAdministrative": "224000000", "researchAndDevelopment": "None", "operatingExpenses": "279000000", "investmentIncomeNet": "None", "netInterestIncome": "-46000000", "interestIncome": "None", "interestExpense": "None", "nonInterestIncome": "3417000000", "otherNonOperatingIncome": "0", "depreciation": "None", "depreciationAndAmortization": "55000000", "incomeBeforeTax": "222000000", "incomeTaxExpense": "53000000", "interestAndDebtExpense": "None", "netIncomeFromContinuingOperations": "170000000", "comprehensiveIncomeNetOfTax": "191000000", "ebit": "269000000", "ebitda": "324000000", "netIncome": "169000000"}, {"fiscalDateEnding": "2021-03-31", "reportedCurrency": "USD", "grossProfit": "467000000", "totalRevenue": "3315000000", "costOfRevenue": "2848000000", "costofGoodsAndServicesSold": "None", "operatingIncome": "308000000", "sellingGeneralAndAdministrative": "159000000", "researchAndDevelopment": "None", "operatingExpenses": "214000000", "investmentIncomeNet": "None", "netInterestIncome": "-45000000", "interestIncome": "None", "interestExpense": "None", "nonInterestIncome": "3291000000", "otherNonOperatingIncome": "-1000000", "depreciation": "None", "depreciationAndAmortization": "55000000", "incomeBeforeTax": "262000000", "incomeTaxExpense": "57000000", "interestAndDebtExpense": "None", "netIncomeFromContinuingOperations": "205000000", "comprehensiveIncomeNetOfTax": "214000000", "ebit": "308000000", "ebitda": "363000000", "netIncome": "205000000"}, {"fiscalDateEnding": "2020-12-31", "reportedCurrency": "USD", "grossProfit": "491000000", "totalRevenue": "3252000000", "costOfRevenue": "2761000000", "costofGoodsAndServicesSold": "None", "operatingIncome": "299000000", "sellingGeneralAndAdministrative": "187000000", "researchAndDevelopment": "None", "operatingExpenses": "None", "investmentIncomeNet": "None", "netInterestIncome": "-46000000", "interestIncome": "None", "interestExpense": "None", "nonInterestIncome": "None", "otherNonOperatingIncome": "-8000000", "depreciation": "None", "depreciationAndAmortization": "None", "incomeBeforeTax": "245000000", "incomeTaxExpense": "48000000", "interestAndDebtExpense": "None", "netIncomeFromContinuingOperations": "None", "comprehensiveIncomeNetOfTax": "249000000", "ebit": "299000000", "ebitda": "None", "netIncome": "197000000"}, {"fiscalDateEnding": "2020-09-30", "reportedCurrency": "USD", "grossProfit": "468000000", "totalRevenue": "3242000000", "costOfRevenue": "2774000000", "costofGoodsAndServicesSold": "None", "operatingIncome": "258000000", "sellingGeneralAndAdministrative": "200000000", "researchAndDevelopment": "None", "operatingExpenses": "260000000", "investmentIncomeNet": "None", "netInterestIncome": "-44000000", "interestIncome": "None", "interestExpense": "None", "nonInterestIncome": "3218000000", "otherNonOperatingIncome": "0", "depreciation": "None", "depreciationAndAmortization": "60000000", "incomeBeforeTax": "214000000", "incomeTaxExpense": "51000000", "interestAndDebtExpense": "0", "netIncomeFromContinuingOperations": "163000000", "comprehensiveIncomeNetOfTax": "192000000", "ebit": "258000000", "ebitda": "318000000", "netIncome": "163000000"}, {"fiscalDateEnding": "2020-06-30", "reportedCurrency": "USD", "grossProfit": "383000000", "totalRevenue": "2914000000", "costOfRevenue": "2531000000", "costofGoodsAndServicesSold": "None", "operatingIncome": "249000000", "sellingGeneralAndAdministrative": "195000000", "researchAndDevelopment": "None", "operatingExpenses": "11000000", "investmentIncomeNet": "None", "netInterestIncome": "-41000000", "interestIncome": "None", "interestExpense": "None", "nonInterestIncome": "2892000000", "otherNonOperatingIncome": "-16000000", "depreciation": "None", "depreciationAndAmortization": "51000000", "incomeBeforeTax": "191000000", "incomeTaxExpense": "38000000", "interestAndDebtExpense": "None", "netIncomeFromContinuingOperations": "-22000000", "comprehensiveIncomeNetOfTax": "211000000", "ebit": "249000000", "ebitda": "300000000", "netIncome": "153000000"}, {"fiscalDateEnding": "2020-03-31", "reportedCurrency": "USD", "grossProfit": "395000000", "totalRevenue": "2889000000", "costOfRevenue": "2494000000", "costofGoodsAndServicesSold": "None", "operatingIncome": "192000000", "sellingGeneralAndAdministrative": "197000000", "researchAndDevelopment": "None", "operatingExpenses": "240000000", "investmentIncomeNet": "None", "netInterestIncome": "-48000000", "interestIncome": "None", "interestExpense": "None", "nonInterestIncome": "2864000000", "otherNonOperatingIncome": "-14000000", "depreciation": "None", "depreciationAndAmortization": "43000000", "incomeBeforeTax": "130000000", "incomeTaxExpense": "15000000", "interestAndDebtExpense": "None", "netIncomeFromContinuingOperations": "115000000", "comprehensiveIncomeNetOfTax": "0", "ebit": "192000000", "ebitda": "235000000", "netIncome": "115000000"}, {"fiscalDateEnding": "2019-12-31", "reportedCurrency": "USD", "grossProfit": "427000000", "totalRevenue": "2954000000", "costOfRevenue": "2527000000", "costofGoodsAndServicesSold": "16000000", "operatingIncome": "261000000", "sellingGeneralAndAdministrative": "171000000", "researchAndDevelopment": "None", "operatingExpenses": "258000000", "investmentIncomeNet": "None", "netInterestIncome": "-34000000", "interestIncome": "None", "interestExpense": "None", "nonInterestIncome": "2924000000", "otherNonOperatingIncome": "0", "depreciation": "16000000", "depreciationAndAmortization": "46000000", "incomeBeforeTax": "227000000", "incomeTaxExpense": "46000000", "interestAndDebtExpense": "147000000", "netIncomeFromContinuingOperations": "181000000", "comprehensiveIncomeNetOfTax": "219000000", "ebit": "261000000", "ebitda": "307000000", "netIncome": "181000000"}, {"fiscalDateEnding": "2019-09-30", "reportedCurrency": "USD", "grossProfit": "385000000", "totalRevenue": "2835000000", "costOfRevenue": "2450000000", "costofGoodsAndServicesSold": "56000000", "operatingIncome": "249000000", "sellingGeneralAndAdministrative": "177000000", "researchAndDevelopment": "None", "operatingExpenses": "225000000", "investmentIncomeNet": "None", "netInterestIncome": "-28000000", "interestIncome": "None", "interestExpense": "None", "nonInterestIncome": "2777000000", "otherNonOperatingIncome": "-7000000", "depreciation": "16000000", "depreciationAndAmortization": "45000000", "incomeBeforeTax": "213000000", "incomeTaxExpense": "52000000", "interestAndDebtExpense": "0", "netIncomeFromContinuingOperations": "162000000", "comprehensiveIncomeNetOfTax": "126000000", "ebit": "249000000", "ebitda": "294000000", "netIncome": "161000000"}, {"fiscalDateEnding": "2019-06-30", "reportedCurrency": "USD", "grossProfit": "380000000", "totalRevenue": "2728000000", "costOfRevenue": "2348000000", "costofGoodsAndServicesSold": "5000000", "operatingIncome": "210000000", "sellingGeneralAndAdministrative": "175000000", "researchAndDevelopment": "None", "operatingExpenses": "220000000", "investmentIncomeNet": "None", "netInterestIncome": "-33000000", "interestIncome": "None", "interestExpense": "None", "nonInterestIncome": "2728000000", "otherNonOperatingIncome": "2000000", "depreciation": "14000000", "depreciationAndAmortization": "45000000", "incomeBeforeTax": "177000000", "incomeTaxExpense": "41000000", "interestAndDebtExpense": "None", "netIncomeFromContinuingOperations": "138000000", "comprehensiveIncomeNetOfTax": "98000000", "ebit": "210000000", "ebitda": "255000000", "netIncome": "136000000"}, {"fiscalDateEnding": "2019-03-31", "reportedCurrency": "USD", "grossProfit": "356000000", "totalRevenue": "2577000000", "costOfRevenue": "2221000000", "costofGoodsAndServicesSold": "9000000", "operatingIncome": "192000000", "sellingGeneralAndAdministrative": "166000000", "researchAndDevelopment": "None", "operatingExpenses": "121000000", "investmentIncomeNet": "None", "netInterestIncome": "-38000000", "interestIncome": "None", "interestExpense": "None", "nonInterestIncome": "2665000000", "otherNonOperatingIncome": "92000000", "depreciation": "15000000", "depreciationAndAmortization": "43000000", "incomeBeforeTax": "246000000", "incomeTaxExpense": "57000000", "interestAndDebtExpense": "None", "netIncomeFromContinuingOperations": "189000000", "comprehensiveIncomeNetOfTax": "184000000", "ebit": "192000000", "ebitda": "235000000", "netIncome": "189000000"}, {"fiscalDateEnding": "2018-12-31", "reportedCurrency": "USD", "grossProfit": "369000000", "totalRevenue": "2647000000", "costOfRevenue": "2278000000", "costofGoodsAndServicesSold": "None", "operatingIncome": "188000000", "sellingGeneralAndAdministrative": "182000000", "researchAndDevelopment": "None", "operatingExpenses": "278000000", "investmentIncomeNet": "None", "netInterestIncome": "-34000000", "interestIncome": "None", "interestExpense": "None", "nonInterestIncome": "2650000000", "otherNonOperatingIncome": "-4000000", "depreciation": "14000000", "depreciationAndAmortization": "50000000", "incomeBeforeTax": "150000000", "incomeTaxExpense": "-38000000", "interestAndDebtExpense": "None", "netIncomeFromContinuingOperations": "188000000", "comprehensiveIncomeNetOfTax": "145000000", "ebit": "188000000", "ebitda": "238000000", "netIncome": "188000000"}, {"fiscalDateEnding": "2018-09-30", "reportedCurrency": "USD", "grossProfit": "401000000", "totalRevenue": "2575000000", "costOfRevenue": "2174000000", "costofGoodsAndServicesSold": "None", "operatingIncome": "203000000", "sellingGeneralAndAdministrative": "194000000", "researchAndDevelopment": "None", "operatingExpenses": "245000000", "investmentIncomeNet": "None", "netInterestIncome": "-35000000", "interestIncome": "None", "interestExpense": "None", "nonInterestIncome": "2575000000", "otherNonOperatingIncome": "2000000", "depreciation": "14000000", "depreciationAndAmortization": "50000000", "incomeBeforeTax": "170000000", "incomeTaxExpense": "23000000", "interestAndDebtExpense": "None", "netIncomeFromContinuingOperations": "147000000", "comprehensiveIncomeNetOfTax": "137000000", "ebit": "203000000", "ebitda": "253000000", "netIncome": "147000000"}, {"fiscalDateEnding": "2018-06-30", "reportedCurrency": "USD", "grossProfit": "342000000", "totalRevenue": "2494000000", "costOfRevenue": "2152000000", "costofGoodsAndServicesSold": "None", "operatingIncome": "199000000", "sellingGeneralAndAdministrative": "174000000", "researchAndDevelopment": "None", "operatingExpenses": "225000000", "investmentIncomeNet": "None", "netInterestIncome": "-35000000", "interestIncome": "None", "interestExpense": "None", "nonInterestIncome": "2529000000", "otherNonOperatingIncome": "1000000", "depreciation": "15000000", "depreciationAndAmortization": "51000000", "incomeBeforeTax": "164000000", "incomeTaxExpense": "20000000", "interestAndDebtExpense": "None", "netIncomeFromContinuingOperations": "145000000", "comprehensiveIncomeNetOfTax": "111000000", "ebit": "199000000", "ebitda": "250000000", "netIncome": "144000000"}, {"fiscalDateEnding": "2018-03-31", "reportedCurrency": "USD", "grossProfit": "357000000", "totalRevenue": "2443000000", "costOfRevenue": "2086000000", "costofGoodsAndServicesSold": "None", "operatingIncome": "159000000", "sellingGeneralAndAdministrative": "178000000", "researchAndDevelopment": "None", "operatingExpenses": "241000000", "investmentIncomeNet": "None", "netInterestIncome": "-34000000", "interestIncome": "None", "interestExpense": "None", "nonInterestIncome": "2443000000", "otherNonOperatingIncome": "0", "depreciation": "13000000", "depreciationAndAmortization": "50000000", "incomeBeforeTax": "125000000", "incomeTaxExpense": "23000000", "interestAndDebtExpense": "None", "netIncomeFromContinuingOperations": "102000000", "comprehensiveIncomeNetOfTax": "116000000", "ebit": "159000000", "ebitda": "209000000", "netIncome": "102000000"}, {"fiscalDateEnding": "2017-12-31", "reportedCurrency": "USD", "grossProfit": "337000000", "totalRevenue": "2516000000", "costOfRevenue": "2179000000", "costofGoodsAndServicesSold": "None", "operatingIncome": "101000000", "sellingGeneralAndAdministrative": "176000000", "researchAndDevelopment": "None", "operatingExpenses": "233000000", "investmentIncomeNet": "None", "netInterestIncome": "-35000000", "interestIncome": "3000000", "interestExpense": "38000000", "nonInterestIncome": "-7646000000", "otherNonOperatingIncome": "-32000000", "depreciation": "13000000", "depreciationAndAmortization": "69000000", "incomeBeforeTax": "35000000", "incomeTaxExpense": "-79000000", "interestAndDebtExpense": "38000000", "netIncomeFromContinuingOperations": "113000000", "comprehensiveIncomeNetOfTax": "116000000", "ebit": "73000000", "ebitda": "142000000", "netIncome": "114000000"}, {"fiscalDateEnding": "2017-09-30", "reportedCurrency": "USD", "grossProfit": "367000000", "totalRevenue": "2503000000", "costOfRevenue": "2136000000", "costofGoodsAndServicesSold": "None", "operatingIncome": "151000000", "sellingGeneralAndAdministrative": "194000000", "researchAndDevelopment": "None", "operatingExpenses": "223000000", "investmentIncomeNet": "None", "netInterestIncome": "-35000000", "interestIncome": "1000000", "interestExpense": "36000000", "nonInterestIncome": "2503000000", "otherNonOperatingIncome": "0", "depreciation": "16000000", "depreciationAndAmortization": "76000000", "incomeBeforeTax": "119000000", "incomeTaxExpense": "37000000", "interestAndDebtExpense": "36000000", "netIncomeFromContinuingOperations": "79000000", "comprehensiveIncomeNetOfTax": "105000000", "ebit": "155000000", "ebitda": "231000000", "netIncome": "82000000"}, {"fiscalDateEnding": "2017-06-30", "reportedCurrency": "USD", "grossProfit": "381000000", "totalRevenue": "2571000000", "costOfRevenue": "2190000000", "costofGoodsAndServicesSold": "None", "operatingIncome": "166000000", "sellingGeneralAndAdministrative": "186000000", "researchAndDevelopment": "None", "operatingExpenses": "216000000", "investmentIncomeNet": "None", "netInterestIncome": "-34000000", "interestIncome": "2000000", "interestExpense": "36000000", "nonInterestIncome": "2571000000", "otherNonOperatingIncome": "3000000", "depreciation": "13000000", "depreciationAndAmortization": "67000000", "incomeBeforeTax": "135000000", "incomeTaxExpense": "37000000", "interestAndDebtExpense": "36000000", "netIncomeFromContinuingOperations": "98000000", "comprehensiveIncomeNetOfTax": "98000000", "ebit": "171000000", "ebitda": "238000000", "netIncome": "98000000"}, {"fiscalDateEnding": "2017-03-31", "reportedCurrency": "USD", "grossProfit": "347000000", "totalRevenue": "2580000000", "costOfRevenue": "2233000000", "costofGoodsAndServicesSold": "None", "operatingIncome": "141000000", "sellingGeneralAndAdministrative": "181000000", "researchAndDevelopment": "None", "operatingExpenses": "226000000", "investmentIncomeNet": "None", "netInterestIncome": "-36000000", "interestIncome": "2000000", "interestExpense": "38000000", "nonInterestIncome": "2580000000", "otherNonOperatingIncome": "3000000", "depreciation": "13000000", "depreciationAndAmortization": "69000000", "incomeBeforeTax": "106000000", "incomeTaxExpense": "34000000", "interestAndDebtExpense": "38000000", "netIncomeFromContinuingOperations": "74000000", "comprehensiveIncomeNetOfTax": "84000000", "ebit": "144000000", "ebitda": "213000000", "netIncome": "72000000"}, {"fiscalDateEnding": "2016-12-31", "reportedCurrency": "USD", "grossProfit": "397000000", "totalRevenue": "2575000000", "costOfRevenue": "2178000000", "costofGoodsAndServicesSold": "None", "operatingIncome": "152000000", "sellingGeneralAndAdministrative": "218000000", "researchAndDevelopment": "None", "operatingExpenses": "8000000", "investmentIncomeNet": "None", "netInterestIncome": "-29000000", "interestIncome": "10000000", "interestExpense": "39000000", "nonInterestIncome": "None", "otherNonOperatingIncome": "-10000000", "depreciation": "14000000", "depreciationAndAmortization": "54000000", "incomeBeforeTax": "104000000", "incomeTaxExpense": "45000000", "interestAndDebtExpense": "39000000", "netIncomeFromContinuingOperations": "60000000", "comprehensiveIncomeNetOfTax": "61000000", "ebit": "143000000", "ebitda": "197000000", "netIncome": "59000000"}]}