{"symbol": "LEN", "annualReports": [{"fiscalDateEnding": "2020-11-30", "reportedCurrency": "USD", "grossProfit": "4748090000", "totalRevenue": "22488854000", "costOfRevenue": "17740764000", "costofGoodsAndServicesSold": "44811000", "operatingIncome": "3482206000", "sellingGeneralAndAdministrative": "431018000", "researchAndDevelopment": "None", "operatingExpenses": "422392000", "investmentIncomeNet": "None", "netInterestIncome": "24775000", "interestIncome": "None", "interestExpense": "-24775000", "nonInterestIncome": "629000", "otherNonOperatingIncome": "-90000", "depreciation": "None", "depreciationAndAmortization": "94553000", "incomeBeforeTax": "3121271000", "incomeTaxExpense": "656235000", "interestAndDebtExpense": "-16778000", "netIncomeFromContinuingOperations": "2467553000", "comprehensiveIncomeNetOfTax": "2463733000", "ebit": "3482206000", "ebitda": "3238225000", "netIncome": "2465036000"}, {"fiscalDateEnding": "2019-11-30", "reportedCurrency": "USD", "grossProfit": "4236158000", "totalRevenue": "22259561000", "costOfRevenue": "18023403000", "costofGoodsAndServicesSold": "2600000", "operatingIncome": "2775406000", "sellingGeneralAndAdministrative": "425414000", "researchAndDevelopment": "None", "operatingExpenses": "403473000", "investmentIncomeNet": "None", "netInterestIncome": "26210000", "interestIncome": "None", "interestExpense": "-26210000", "nonInterestIncome": "21941000", "otherNonOperatingIncome": "-37754000", "depreciation": "None", "depreciationAndAmortization": "92200000", "incomeBeforeTax": "2441225000", "incomeTaxExpense": "592173000", "interestAndDebtExpense": "-26210000", "netIncomeFromContinuingOperations": "1842119000", "comprehensiveIncomeNetOfTax": "1849916000", "ebit": "2775406000", "ebitda": "2551045000", "netIncome": "1849052000"}, {"fiscalDateEnding": "2018-11-30", "reportedCurrency": "USD", "grossProfit": "3688814000", "totalRevenue": "20571631000", "costOfRevenue": "16882817000", "costofGoodsAndServicesSold": "31300000", "operatingIncome": "2463191000", "sellingGeneralAndAdministrative": "416034000", "researchAndDevelopment": "None", "operatingExpenses": "557515000", "investmentIncomeNet": "None", "netInterestIncome": "23544000", "interestIncome": "None", "interestExpense": "-23544000", "nonInterestIncome": "176379000", "otherNonOperatingIncome": "409672000", "depreciation": "None", "depreciationAndAmortization": "91181000", "incomeBeforeTax": "2241002000", "incomeTaxExpense": "545171000", "interestAndDebtExpense": "-23544000", "netIncomeFromContinuingOperations": "1717513000", "comprehensiveIncomeNetOfTax": "1694431000", "ebit": "2463191000", "ebitda": "2343441000", "netIncome": "1695831000"}, {"fiscalDateEnding": "2017-11-30", "reportedCurrency": "USD", "grossProfit": "2433953000", "totalRevenue": "12646365000", "costOfRevenue": "10212412000", "costofGoodsAndServicesSold": "7900000", "operatingIncome": "1475500000", "sellingGeneralAndAdministrative": "332889000", "researchAndDevelopment": "None", "operatingExpenses": "322550000", "investmentIncomeNet": "None", "netInterestIncome": "-11312000", "interestIncome": "None", "interestExpense": "11312000", "nonInterestIncome": "10339000", "otherNonOperatingIncome": "-9384000", "depreciation": "None", "depreciationAndAmortization": "66324000", "incomeBeforeTax": "1228337000", "incomeTaxExpense": "417857000", "interestAndDebtExpense": "11312000", "netIncomeFromContinuingOperations": "771754000", "comprehensiveIncomeNetOfTax": "811823000", "ebit": "1475500000", "ebitda": "1301825000", "netIncome": "810480000"}, {"fiscalDateEnding": "2016-11-30", "reportedCurrency": "USD", "grossProfit": "2195664000", "totalRevenue": "10949999000", "costOfRevenue": "8754335000", "costofGoodsAndServicesSold": "9455074000", "operatingIncome": "1563031000", "sellingGeneralAndAdministrative": "273462000", "researchAndDevelopment": "None", "operatingExpenses": "259005000", "investmentIncomeNet": "None", "netInterestIncome": "-4626000", "interestIncome": "None", "interestExpense": "4626000", "nonInterestIncome": "12888000", "otherNonOperatingIncome": "72732000", "depreciation": "None", "depreciationAndAmortization": "50219000", "incomeBeforeTax": "1329222000", "incomeTaxExpense": "417378000", "interestAndDebtExpense": "6195000", "netIncomeFromContinuingOperations": "913091000", "comprehensiveIncomeNetOfTax": "911496000", "ebit": "1333848000", "ebitda": "1384067000", "netIncome": "911844000"}], "quarterlyReports": [{"fiscalDateEnding": "2021-08-31", "reportedCurrency": "USD", "grossProfit": "6846461000", "totalRevenue": "6941403000", "costOfRevenue": "94942000", "costofGoodsAndServicesSold": "0", "operatingIncome": "1924495000", "sellingGeneralAndAdministrative": "94942000", "researchAndDevelopment": "None", "operatingExpenses": "94942000", "investmentIncomeNet": "None", "netInterestIncome": "1539000", "interestIncome": "None", "interestExpense": "-1539000", "nonInterestIncome": "0", "otherNonOperatingIncome": "492023000", "depreciation": "None", "depreciationAndAmortization": "21102000", "incomeBeforeTax": "1812024000", "incomeTaxExpense": "405136000", "interestAndDebtExpense": "-1539000", "netIncomeFromContinuingOperations": "1409218000", "comprehensiveIncomeNetOfTax": "1407019000", "ebit": "1924495000", "ebitda": "1833126000", "netIncome": "1406888000"}, {"fiscalDateEnding": "2021-05-31", "reportedCurrency": "USD", "grossProfit": "6339528000", "totalRevenue": "6430245000", "costOfRevenue": "90717000", "costofGoodsAndServicesSold": "5181605000", "operatingIncome": "1202095000", "sellingGeneralAndAdministrative": "90717000", "researchAndDevelopment": "None", "operatingExpenses": "90717000", "investmentIncomeNet": "None", "netInterestIncome": "2357000", "interestIncome": "None", "interestExpense": "-2357000", "nonInterestIncome": "17429000", "otherNonOperatingIncome": "-123620000", "depreciation": "None", "depreciationAndAmortization": "22418000", "incomeBeforeTax": "1091476000", "incomeTaxExpense": "260113000", "interestAndDebtExpense": "-2357000", "netIncomeFromContinuingOperations": "836772000", "comprehensiveIncomeNetOfTax": "831679000", "ebit": "1202095000", "ebitda": "1113894000", "netIncome": "831363000"}, {"fiscalDateEnding": "2021-02-28", "reportedCurrency": "USD", "grossProfit": "5214937000", "totalRevenue": "5325468000", "costOfRevenue": "110531000", "costofGoodsAndServicesSold": "4351449000", "operatingIncome": "1449859000", "sellingGeneralAndAdministrative": "110531000", "researchAndDevelopment": "None", "operatingExpenses": "109364000", "investmentIncomeNet": "None", "netInterestIncome": "2361000", "interestIncome": "None", "interestExpense": "-2361000", "nonInterestIncome": "1167000", "otherNonOperatingIncome": "474823000", "depreciation": "None", "depreciationAndAmortization": "22325000", "incomeBeforeTax": "1311474000", "incomeTaxExpense": "310105000", "interestAndDebtExpense": "-2361000", "netIncomeFromContinuingOperations": "1016909000", "comprehensiveIncomeNetOfTax": "1000427000", "ebit": "1449859000", "ebitda": "1333799000", "netIncome": "1001369000"}, {"fiscalDateEnding": "2020-11-30", "reportedCurrency": "USD", "grossProfit": "1574242000", "totalRevenue": "6825890000", "costOfRevenue": "5251648000", "costofGoodsAndServicesSold": "4447000", "operatingIncome": "1260105000", "sellingGeneralAndAdministrative": "168059000", "researchAndDevelopment": "None", "operatingExpenses": "175279000", "investmentIncomeNet": "None", "netInterestIncome": "6143000", "interestIncome": "None", "interestExpense": "-6143000", "nonInterestIncome": "-15217000", "otherNonOperatingIncome": "24264000", "depreciation": "None", "depreciationAndAmortization": "25782000", "incomeBeforeTax": "1156497000", "incomeTaxExpense": "273737000", "interestAndDebtExpense": "1854000", "netIncomeFromContinuingOperations": "1164646000", "comprehensiveIncomeNetOfTax": "882118000", "ebit": "1260105000", "ebitda": "1182279000", "netIncome": "882760000"}, {"fiscalDateEnding": "2020-08-31", "reportedCurrency": "USD", "grossProfit": "1262550000", "totalRevenue": "5870254000", "costOfRevenue": "4607704000", "costofGoodsAndServicesSold": "8292000", "operatingIncome": "951674000", "sellingGeneralAndAdministrative": "92661000", "researchAndDevelopment": "None", "operatingExpenses": "92661000", "investmentIncomeNet": "None", "netInterestIncome": "4793000", "interestIncome": "None", "interestExpense": "-4793000", "nonInterestIncome": "-1941000", "otherNonOperatingIncome": "-43638000", "depreciation": "None", "depreciationAndAmortization": "24307000", "incomeBeforeTax": "856108000", "incomeTaxExpense": "189690000", "interestAndDebtExpense": "-4793000", "netIncomeFromContinuingOperations": "669323000", "comprehensiveIncomeNetOfTax": "666593000", "ebit": "951674000", "ebitda": "880415000", "netIncome": "666418000"}, {"fiscalDateEnding": "2020-05-31", "reportedCurrency": "USD", "grossProfit": "1062310000", "totalRevenue": "5287373000", "costOfRevenue": "4225063000", "costofGoodsAndServicesSold": "12128000", "operatingIncome": "760028000", "sellingGeneralAndAdministrative": "83451000", "researchAndDevelopment": "None", "operatingExpenses": "83451000", "investmentIncomeNet": "None", "netInterestIncome": "6896000", "interestIncome": "None", "interestExpense": "-6896000", "nonInterestIncome": "10216000", "otherNonOperatingIncome": "37766000", "depreciation": "None", "depreciationAndAmortization": "24050000", "incomeBeforeTax": "677885000", "incomeTaxExpense": "160479000", "interestAndDebtExpense": "-6896000", "netIncomeFromContinuingOperations": "516098000", "comprehensiveIncomeNetOfTax": "516616000", "ebit": "760028000", "ebitda": "701935000", "netIncome": "517406000"}, {"fiscalDateEnding": "2020-02-29", "reportedCurrency": "USD", "grossProfit": "848988000", "totalRevenue": "4505337000", "costOfRevenue": "3656349000", "costofGoodsAndServicesSold": "19944000", "operatingIncome": "510399000", "sellingGeneralAndAdministrative": "86847000", "researchAndDevelopment": "None", "operatingExpenses": "83937000", "investmentIncomeNet": "None", "netInterestIncome": "6943000", "interestIncome": "None", "interestExpense": "-6943000", "nonInterestIncome": "7571000", "otherNonOperatingIncome": "-18482000", "depreciation": "None", "depreciationAndAmortization": "20414000", "incomeBeforeTax": "430781000", "incomeTaxExpense": "32329000", "interestAndDebtExpense": "-6943000", "netIncomeFromContinuingOperations": "391223000", "comprehensiveIncomeNetOfTax": "398406000", "ebit": "510399000", "ebitda": "451195000", "netIncome": "398452000"}, {"fiscalDateEnding": "2019-11-30", "reportedCurrency": "USD", "grossProfit": "1385859000", "totalRevenue": "6971531000", "costOfRevenue": "5585672000", "costofGoodsAndServicesSold": "600000", "operatingIncome": "981729000", "sellingGeneralAndAdministrative": "177343000", "researchAndDevelopment": "None", "operatingExpenses": "164523000", "investmentIncomeNet": "None", "netInterestIncome": "6369000", "interestIncome": "None", "interestExpense": "-6369000", "nonInterestIncome": "6151000", "otherNonOperatingIncome": "24585000", "depreciation": "None", "depreciationAndAmortization": "28378000", "incomeBeforeTax": "891807000", "incomeTaxExpense": "217503000", "interestAndDebtExpense": "-6369000", "netIncomeFromContinuingOperations": "888686000", "comprehensiveIncomeNetOfTax": "674395000", "ebit": "981729000", "ebitda": "920185000", "netIncome": "674304000"}, {"fiscalDateEnding": "2019-08-31", "reportedCurrency": "USD", "grossProfit": "1085633000", "totalRevenue": "5857058000", "costOfRevenue": "4771425000", "costofGoodsAndServicesSold": "5116086000", "operatingIncome": "759698000", "sellingGeneralAndAdministrative": "92615000", "researchAndDevelopment": "None", "operatingExpenses": "92615000", "investmentIncomeNet": "None", "netInterestIncome": "6506000", "interestIncome": "None", "interestExpense": "-6506000", "nonInterestIncome": "4925000", "otherNonOperatingIncome": "29569000", "depreciation": "None", "depreciationAndAmortization": "22836000", "incomeBeforeTax": "667806000", "incomeTaxExpense": "154440000", "interestAndDebtExpense": "-6506000", "netIncomeFromContinuingOperations": "512643000", "comprehensiveIncomeNetOfTax": "513546000", "ebit": "759698000", "ebitda": "690642000", "netIncome": "513366000"}, {"fiscalDateEnding": "2019-05-31", "reportedCurrency": "USD", "grossProfit": "1038587000", "totalRevenue": "5562890000", "costOfRevenue": "4524303000", "costofGoodsAndServicesSold": "4887168000", "operatingIncome": "635512000", "sellingGeneralAndAdministrative": "76113000", "researchAndDevelopment": "None", "operatingExpenses": "76113000", "investmentIncomeNet": "None", "netInterestIncome": "6287000", "interestIncome": "None", "interestExpense": "-6287000", "nonInterestIncome": "0", "otherNonOperatingIncome": "-77402000", "depreciation": "None", "depreciationAndAmortization": "22624000", "incomeBeforeTax": "562002000", "incomeTaxExpense": "140530000", "interestAndDebtExpense": "-6287000", "netIncomeFromContinuingOperations": "418869000", "comprehensiveIncomeNetOfTax": "421857000", "ebit": "635512000", "ebitda": "584626000", "netIncome": "421472000"}, {"fiscalDateEnding": "2019-02-28", "reportedCurrency": "USD", "grossProfit": "726079000", "totalRevenue": "3868082000", "costOfRevenue": "3142003000", "costofGoodsAndServicesSold": "3465974000", "operatingIncome": "398467000", "sellingGeneralAndAdministrative": "79343000", "researchAndDevelopment": "None", "operatingExpenses": "79343000", "investmentIncomeNet": "None", "netInterestIncome": "7048000", "interestIncome": "None", "interestExpense": "-7048000", "nonInterestIncome": "10865000", "otherNonOperatingIncome": "-14506000", "depreciation": "None", "depreciationAndAmortization": "18362000", "incomeBeforeTax": "319610000", "incomeTaxExpense": "79700000", "interestAndDebtExpense": "-7048000", "netIncomeFromContinuingOperations": "239424000", "comprehensiveIncomeNetOfTax": "240118000", "ebit": "398467000", "ebitda": "337972000", "netIncome": "239910000"}, {"fiscalDateEnding": "2018-11-30", "reportedCurrency": "USD", "grossProfit": "1274241000", "totalRevenue": "6459210000", "costOfRevenue": "5184969000", "costofGoodsAndServicesSold": "1900000", "operatingIncome": "1237035000", "sellingGeneralAndAdministrative": "166963000", "researchAndDevelopment": "None", "operatingExpenses": "173489000", "investmentIncomeNet": "None", "netInterestIncome": "5794000", "interestIncome": "None", "interestExpense": "-5794000", "nonInterestIncome": "6392000", "otherNonOperatingIncome": "246312000", "depreciation": "None", "depreciationAndAmortization": "24467000", "incomeBeforeTax": "1034449000", "incomeTaxExpense": "238301000", "interestAndDebtExpense": "-5794000", "netIncomeFromContinuingOperations": "1036528000", "comprehensiveIncomeNetOfTax": "796397000", "ebit": "1237035000", "ebitda": "1058916000", "netIncome": "796148000"}, {"fiscalDateEnding": "2018-08-31", "reportedCurrency": "USD", "grossProfit": "1057903000", "totalRevenue": "5672569000", "costOfRevenue": "4614666000", "costofGoodsAndServicesSold": "11800000", "operatingIncome": "565918000", "sellingGeneralAndAdministrative": "96346000", "researchAndDevelopment": "None", "operatingExpenses": "108338000", "investmentIncomeNet": "None", "netInterestIncome": "5766000", "interestIncome": "None", "interestExpense": "-5766000", "nonInterestIncome": "0", "otherNonOperatingIncome": "-4827000", "depreciation": "None", "depreciationAndAmortization": "25284000", "incomeBeforeTax": "551509000", "incomeTaxExpense": "98298000", "interestAndDebtExpense": "-5766000", "netIncomeFromContinuingOperations": "467620000", "comprehensiveIncomeNetOfTax": "452935000", "ebit": "565918000", "ebitda": "576793000", "netIncome": "453211000"}, {"fiscalDateEnding": "2018-05-31", "reportedCurrency": "USD", "grossProfit": "840042000", "totalRevenue": "5459061000", "costOfRevenue": "4619019000", "costofGoodsAndServicesSold": "10700000", "operatingIncome": "390810000", "sellingGeneralAndAdministrative": "84915000", "researchAndDevelopment": "None", "operatingExpenses": "108790000", "investmentIncomeNet": "None", "netInterestIncome": "12024000", "interestIncome": "None", "interestExpense": "-12024000", "nonInterestIncome": "4900000", "otherNonOperatingIncome": "9481000", "depreciation": "None", "depreciationAndAmortization": "21860000", "incomeBeforeTax": "386218000", "incomeTaxExpense": "75961000", "interestAndDebtExpense": "-12024000", "netIncomeFromContinuingOperations": "314849000", "comprehensiveIncomeNetOfTax": "309542000", "ebit": "390810000", "ebitda": "408078000", "netIncome": "310257000"}, {"fiscalDateEnding": "2018-02-28", "reportedCurrency": "USD", "grossProfit": "516628000", "totalRevenue": "2980791000", "costOfRevenue": "2464163000", "costofGoodsAndServicesSold": "6900000", "operatingIncome": "269428000", "sellingGeneralAndAdministrative": "67810000", "researchAndDevelopment": "None", "operatingExpenses": "171798000", "investmentIncomeNet": "None", "netInterestIncome": "-40000", "interestIncome": "None", "interestExpense": "40000", "nonInterestIncome": "165087000", "otherNonOperatingIncome": "158706000", "depreciation": "None", "depreciationAndAmortization": "19570000", "incomeBeforeTax": "268826000", "incomeTaxExpense": "132611000", "interestAndDebtExpense": "40000", "netIncomeFromContinuingOperations": "136817000", "comprehensiveIncomeNetOfTax": "135557000", "ebit": "269428000", "ebitda": "288396000", "netIncome": "136215000"}, {"fiscalDateEnding": "2017-11-30", "reportedCurrency": "USD", "grossProfit": "747502000", "totalRevenue": "3785569000", "costOfRevenue": "3038067000", "costofGoodsAndServicesSold": "400000", "operatingIncome": "547539000", "sellingGeneralAndAdministrative": "132556000", "researchAndDevelopment": "None", "operatingExpenses": "122217000", "investmentIncomeNet": "None", "netInterestIncome": "-4233000", "interestIncome": "None", "interestExpense": "4233000", "nonInterestIncome": "10339000", "otherNonOperatingIncome": "19533000", "depreciation": "None", "depreciationAndAmortization": "19417000", "incomeBeforeTax": "473791000", "incomeTaxExpense": "164201000", "interestAndDebtExpense": "4233000", "netIncomeFromContinuingOperations": "461983000", "comprehensiveIncomeNetOfTax": "309373000", "ebit": "547539000", "ebitda": "493208000", "netIncome": "309590000"}, {"fiscalDateEnding": "2017-08-31", "reportedCurrency": "USD", "grossProfit": "650411000", "totalRevenue": "3261476000", "costOfRevenue": "2611065000", "costofGoodsAndServicesSold": "0", "operatingIncome": "441245000", "sellingGeneralAndAdministrative": "72860000", "researchAndDevelopment": "None", "operatingExpenses": "72860000", "investmentIncomeNet": "None", "netInterestIncome": "-2020000", "interestIncome": "None", "interestExpense": "2020000", "nonInterestIncome": "0", "otherNonOperatingIncome": "-6708000", "depreciation": "None", "depreciationAndAmortization": "17489000", "incomeBeforeTax": "373960000", "incomeTaxExpense": "124795000", "interestAndDebtExpense": "2020000", "netIncomeFromContinuingOperations": "243590000", "comprehensiveIncomeNetOfTax": "249330000", "ebit": "441245000", "ebitda": "391449000", "netIncome": "249165000"}, {"fiscalDateEnding": "2017-05-31", "reportedCurrency": "USD", "grossProfit": "616875000", "totalRevenue": "3261892000", "costOfRevenue": "2645017000", "costofGoodsAndServicesSold": "2861893000", "operatingIncome": "376374000", "sellingGeneralAndAdministrative": "66774000", "researchAndDevelopment": "None", "operatingExpenses": "66774000", "investmentIncomeNet": "None", "netInterestIncome": "-1927000", "interestIncome": "None", "interestExpense": "1927000", "nonInterestIncome": "0", "otherNonOperatingIncome": "-23625000", "depreciation": "None", "depreciationAndAmortization": "17675000", "incomeBeforeTax": "322537000", "incomeTaxExpense": "108892000", "interestAndDebtExpense": "1927000", "netIncomeFromContinuingOperations": "200708000", "comprehensiveIncomeNetOfTax": "214068000", "ebit": "376374000", "ebitda": "340212000", "netIncome": "213645000"}, {"fiscalDateEnding": "2017-02-28", "reportedCurrency": "USD", "grossProfit": "419165000", "totalRevenue": "2337428000", "costOfRevenue": "1918263000", "costofGoodsAndServicesSold": "2088502000", "operatingIncome": "110342000", "sellingGeneralAndAdministrative": "60699000", "researchAndDevelopment": "None", "operatingExpenses": "60699000", "investmentIncomeNet": "None", "netInterestIncome": "-3132000", "interestIncome": "None", "interestExpense": "3132000", "nonInterestIncome": "0", "otherNonOperatingIncome": "1416000", "depreciation": "None", "depreciationAndAmortization": "11743000", "incomeBeforeTax": "58049000", "incomeTaxExpense": "19969000", "interestAndDebtExpense": "3132000", "netIncomeFromContinuingOperations": "29674000", "comprehensiveIncomeNetOfTax": "39052000", "ebit": "110342000", "ebitda": "69792000", "netIncome": "38080000"}, {"fiscalDateEnding": "2016-11-30", "reportedCurrency": "USD", "grossProfit": "683519000", "totalRevenue": "3376626000", "costOfRevenue": "2693107000", "costofGoodsAndServicesSold": "2871821000", "operatingIncome": "529307000", "sellingGeneralAndAdministrative": "108828000", "researchAndDevelopment": "None", "operatingExpenses": "106930000", "investmentIncomeNet": "None", "netInterestIncome": "-1303000", "interestIncome": "None", "interestExpense": "1303000", "nonInterestIncome": "1898000", "otherNonOperatingIncome": "44308000", "depreciation": "None", "depreciationAndAmortization": "14434000", "incomeBeforeTax": "464362000", "incomeTaxExpense": "150909000", "interestAndDebtExpense": "1303000", "netIncomeFromContinuingOperations": "461379000", "comprehensiveIncomeNetOfTax": "312021000", "ebit": "465665000", "ebitda": "480099000", "netIncome": "313453000"}]}