{"symbol": "MET", "annualReports": [{"fiscalDateEnding": "2020-12-31", "reportedCurrency": "USD", "grossProfit": "-35582000000", "totalRevenue": "67842000000", "costOfRevenue": "103424000000", "costofGoodsAndServicesSold": "764000000", "operatingIncome": "-60867000000", "sellingGeneralAndAdministrative": "6357000000", "researchAndDevelopment": "None", "operatingExpenses": "13150000000", "investmentIncomeNet": "-1054000000", "netInterestIncome": "-893000000", "interestIncome": "-913000000", "interestExpense": "893000000", "nonInterestIncome": "44603000000", "otherNonOperatingIncome": "None", "depreciation": "194000000", "depreciationAndAmortization": "660000000", "incomeBeforeTax": "6916000000", "incomeTaxExpense": "1509000000", "interestAndDebtExpense": "913000000", "netIncomeFromContinuingOperations": "5418000000", "comprehensiveIncomeNetOfTax": "10427000000", "ebit": "7809000000", "ebitda": "8469000000", "netIncome": "5407000000"}, {"fiscalDateEnding": "2019-12-31", "reportedCurrency": "USD", "grossProfit": "-35606000000", "totalRevenue": "69620000000", "costOfRevenue": "105226000000", "costofGoodsAndServicesSold": "674000000", "operatingIncome": "-62524000000", "sellingGeneralAndAdministrative": "6902000000", "researchAndDevelopment": "None", "operatingExpenses": "13689000000", "investmentIncomeNet": "-1422000000", "netInterestIncome": "-917000000", "interestIncome": "-955000000", "interestExpense": "917000000", "nonInterestIncome": "44041000000", "otherNonOperatingIncome": "None", "depreciation": "207000000", "depreciationAndAmortization": "672000000", "incomeBeforeTax": "6785000000", "incomeTaxExpense": "886000000", "interestAndDebtExpense": "955000000", "netIncomeFromContinuingOperations": "5721000000", "comprehensiveIncomeNetOfTax": "17208000000", "ebit": "7702000000", "ebitda": "8374000000", "netIncome": "5899000000"}, {"fiscalDateEnding": "2018-12-31", "reportedCurrency": "USD", "grossProfit": "-37393000000", "totalRevenue": "67941000000", "costOfRevenue": "105334000000", "costofGoodsAndServicesSold": "758000000", "operatingIncome": "-64034000000", "sellingGeneralAndAdministrative": "6617000000", "researchAndDevelopment": "None", "operatingExpenses": "13714000000", "investmentIncomeNet": "-1285000000", "netInterestIncome": "-1085000000", "interestIncome": "-1122000000", "interestExpense": "1085000000", "nonInterestIncome": "45939000000", "otherNonOperatingIncome": "None", "depreciation": "191000000", "depreciationAndAmortization": "675000000", "incomeBeforeTax": "6302000000", "incomeTaxExpense": "1179000000", "interestAndDebtExpense": "1122000000", "netIncomeFromContinuingOperations": "4982000000", "comprehensiveIncomeNetOfTax": "-1494000000", "ebit": "7387000000", "ebitda": "8062000000", "netIncome": "5123000000"}, {"fiscalDateEnding": "2017-12-31", "reportedCurrency": "USD", "grossProfit": "-32046000000", "totalRevenue": "62308000000", "costOfRevenue": "94354000000", "costofGoodsAndServicesSold": "842000000", "operatingIncome": "-58620000000", "sellingGeneralAndAdministrative": "6516000000", "researchAndDevelopment": "None", "operatingExpenses": "13621000000", "investmentIncomeNet": "-1122000000", "netInterestIncome": "-1099000000", "interestIncome": "-1129000000", "interestExpense": "1099000000", "nonInterestIncome": "44385000000", "otherNonOperatingIncome": "None", "depreciation": "207000000", "depreciationAndAmortization": "846000000", "incomeBeforeTax": "2540000000", "incomeTaxExpense": "-1470000000", "interestAndDebtExpense": "1129000000", "netIncomeFromContinuingOperations": "4893000000", "comprehensiveIncomeNetOfTax": "7391000000", "ebit": "3639000000", "ebitda": "4485000000", "netIncome": "4010000000"}, {"fiscalDateEnding": "2016-12-31", "reportedCurrency": "USD", "grossProfit": "-43910000000", "totalRevenue": "60787000000", "costOfRevenue": "107386000000", "costofGoodsAndServicesSold": "1684000000", "operatingIncome": "-74064000000", "sellingGeneralAndAdministrative": "8694000000", "researchAndDevelopment": "None", "operatingExpenses": "13749000000", "investmentIncomeNet": "-1147000000", "netInterestIncome": "-1135000000", "interestIncome": "-1157000000", "interestExpense": "1135000000", "nonInterestIncome": "41821000000", "otherNonOperatingIncome": "None", "depreciation": "206000000", "depreciationAndAmortization": "725000000", "incomeBeforeTax": "1543000000", "incomeTaxExpense": "693000000", "interestAndDebtExpense": "1157000000", "netIncomeFromContinuingOperations": "3481000000", "comprehensiveIncomeNetOfTax": "1449000000", "ebit": "2678000000", "ebitda": "3403000000", "netIncome": "850000000"}], "quarterlyReports": [{"fiscalDateEnding": "2021-09-30", "reportedCurrency": "USD", "grossProfit": "-7250000000", "totalRevenue": "16905000000", "costOfRevenue": "24155000000", "costofGoodsAndServicesSold": "144000000", "operatingIncome": "-13403000000", "sellingGeneralAndAdministrative": "1535000000", "researchAndDevelopment": "None", "operatingExpenses": "3284000000", "investmentIncomeNet": "-232000000", "netInterestIncome": "-240000000", "interestIncome": "-240000000", "interestExpense": "240000000", "nonInterestIncome": "9869000000", "otherNonOperatingIncome": "None", "depreciation": "None", "depreciationAndAmortization": "None", "incomeBeforeTax": "2037000000", "incomeTaxExpense": "453000000", "interestAndDebtExpense": "240000000", "netIncomeFromContinuingOperations": "1589000000", "comprehensiveIncomeNetOfTax": "1386000000", "ebit": "-13403000000", "ebitda": "2277000000", "netIncome": "1584000000"}, {"fiscalDateEnding": "2021-06-30", "reportedCurrency": "USD", "grossProfit": "-4443000000", "totalRevenue": "18524000000", "costOfRevenue": "22967000000", "costofGoodsAndServicesSold": "169000000", "operatingIncome": "-10092000000", "sellingGeneralAndAdministrative": "1429000000", "researchAndDevelopment": "None", "operatingExpenses": "2881000000", "investmentIncomeNet": "-232000000", "netInterestIncome": "-228000000", "interestIncome": "-228000000", "interestExpense": "228000000", "nonInterestIncome": "10075000000", "otherNonOperatingIncome": "None", "depreciation": "None", "depreciationAndAmortization": "None", "incomeBeforeTax": "4482000000", "incomeTaxExpense": "1075000000", "interestAndDebtExpense": "228000000", "netIncomeFromContinuingOperations": "3412000000", "comprehensiveIncomeNetOfTax": "5319000000", "ebit": "-10092000000", "ebitda": "4710000000", "netIncome": "3407000000"}, {"fiscalDateEnding": "2021-03-31", "reportedCurrency": "USD", "grossProfit": "-9812000000", "totalRevenue": "15562000000", "costOfRevenue": "25374000000", "costofGoodsAndServicesSold": "167000000", "operatingIncome": "-16078000000", "sellingGeneralAndAdministrative": "1638000000", "researchAndDevelopment": "None", "operatingExpenses": "3150000000", "investmentIncomeNet": "-237000000", "netInterestIncome": "-228000000", "interestIncome": "-228000000", "interestExpense": "228000000", "nonInterestIncome": "8676000000", "otherNonOperatingIncome": "None", "depreciation": "None", "depreciationAndAmortization": "None", "incomeBeforeTax": "286000000", "incomeTaxExpense": "-72000000", "interestAndDebtExpense": "228000000", "netIncomeFromContinuingOperations": "363000000", "comprehensiveIncomeNetOfTax": "-7317000000", "ebit": "-16078000000", "ebitda": "514000000", "netIncome": "358000000"}, {"fiscalDateEnding": "2020-12-31", "reportedCurrency": "USD", "grossProfit": "19418000000", "totalRevenue": "19418000000", "costOfRevenue": "35906000000", "costofGoodsAndServicesSold": "201000000", "operatingIncome": "19418000000", "sellingGeneralAndAdministrative": "1705000000", "researchAndDevelopment": "None", "operatingExpenses": "3424000000", "investmentIncomeNet": "-256000000", "netInterestIncome": "-230000000", "interestIncome": "-230000000", "interestExpense": "230000000", "nonInterestIncome": "12651000000", "otherNonOperatingIncome": "None", "depreciation": "None", "depreciationAndAmortization": "None", "incomeBeforeTax": "164000000", "incomeTaxExpense": "6000000", "interestAndDebtExpense": "230000000", "netIncomeFromContinuingOperations": "19418000000", "comprehensiveIncomeNetOfTax": "2194000000", "ebit": "19418000000", "ebitda": "394000000", "netIncome": "158000000"}, {"fiscalDateEnding": "2020-09-30", "reportedCurrency": "USD", "grossProfit": "-8215000000", "totalRevenue": "16015000000", "costOfRevenue": "24230000000", "costofGoodsAndServicesSold": "194000000", "operatingIncome": "-14639000000", "sellingGeneralAndAdministrative": "1548000000", "researchAndDevelopment": "None", "operatingExpenses": "3470000000", "investmentIncomeNet": "-238000000", "netInterestIncome": "-229000000", "interestIncome": "-229000000", "interestExpense": "229000000", "nonInterestIncome": "9663000000", "otherNonOperatingIncome": "None", "depreciation": "None", "depreciationAndAmortization": "None", "incomeBeforeTax": "920000000", "incomeTaxExpense": "214000000", "interestAndDebtExpense": "229000000", "netIncomeFromContinuingOperations": "709000000", "comprehensiveIncomeNetOfTax": "-1821000000", "ebit": "-14639000000", "ebitda": "1149000000", "netIncome": "706000000"}, {"fiscalDateEnding": "2020-06-30", "reportedCurrency": "USD", "grossProfit": "-8011000000", "totalRevenue": "14099000000", "costOfRevenue": "22110000000", "costofGoodsAndServicesSold": "176000000", "operatingIncome": "-13866000000", "sellingGeneralAndAdministrative": "1506000000", "researchAndDevelopment": "None", "operatingExpenses": "2983000000", "investmentIncomeNet": "-236000000", "netInterestIncome": "-232000000", "interestIncome": "-232000000", "interestExpense": "232000000", "nonInterestIncome": "8289000000", "otherNonOperatingIncome": "None", "depreciation": "None", "depreciationAndAmortization": "None", "incomeBeforeTax": "192000000", "incomeTaxExpense": "47000000", "interestAndDebtExpense": "232000000", "netIncomeFromContinuingOperations": "150000000", "comprehensiveIncomeNetOfTax": "5951000000", "ebit": "-13866000000", "ebitda": "None", "netIncome": "145000000"}, {"fiscalDateEnding": "2020-03-31", "reportedCurrency": "USD", "grossProfit": "-2802000000", "totalRevenue": "18310000000", "costOfRevenue": "21112000000", "costofGoodsAndServicesSold": "193000000", "operatingIncome": "-9122000000", "sellingGeneralAndAdministrative": "1598000000", "researchAndDevelopment": "None", "operatingExpenses": "3273000000", "investmentIncomeNet": "-324000000", "netInterestIncome": "-222000000", "interestIncome": "-222000000", "interestExpense": "222000000", "nonInterestIncome": "14000000000", "otherNonOperatingIncome": "None", "depreciation": "None", "depreciationAndAmortization": "None", "incomeBeforeTax": "5640000000", "incomeTaxExpense": "1242000000", "interestAndDebtExpense": "222000000", "netIncomeFromContinuingOperations": "4401000000", "comprehensiveIncomeNetOfTax": "4103000000", "ebit": "-9122000000", "ebitda": "None", "netIncome": "4398000000"}, {"fiscalDateEnding": "2019-12-31", "reportedCurrency": "USD", "grossProfit": "17143000000", "totalRevenue": "17143000000", "costOfRevenue": "31518000000", "costofGoodsAndServicesSold": "166000000", "operatingIncome": "17143000000", "sellingGeneralAndAdministrative": "1736000000", "researchAndDevelopment": "None", "operatingExpenses": "3631000000", "investmentIncomeNet": "-343000000", "netInterestIncome": "-224000000", "interestIncome": "-224000000", "interestExpense": "224000000", "nonInterestIncome": "10667000000", "otherNonOperatingIncome": "None", "depreciation": "None", "depreciationAndAmortization": "None", "incomeBeforeTax": "-32000000", "incomeTaxExpense": "-625000000", "interestAndDebtExpense": "224000000", "netIncomeFromContinuingOperations": "400000000", "comprehensiveIncomeNetOfTax": "-1552000000", "ebit": "17143000000", "ebitda": "None", "netIncome": "593000000"}, {"fiscalDateEnding": "2019-09-30", "reportedCurrency": "USD", "grossProfit": "-7241000000", "totalRevenue": "18678000000", "costOfRevenue": "25919000000", "costofGoodsAndServicesSold": "164000000", "operatingIncome": "-13993000000", "sellingGeneralAndAdministrative": "1787000000", "researchAndDevelopment": "None", "operatingExpenses": "3443000000", "investmentIncomeNet": "-362000000", "netInterestIncome": "-223000000", "interestIncome": "-223000000", "interestExpense": "223000000", "nonInterestIncome": "12302000000", "otherNonOperatingIncome": "None", "depreciation": "None", "depreciationAndAmortization": "None", "incomeBeforeTax": "2785000000", "incomeTaxExpense": "601000000", "interestAndDebtExpense": "223000000", "netIncomeFromContinuingOperations": "2190000000", "comprehensiveIncomeNetOfTax": "5750000000", "ebit": "-13993000000", "ebitda": "None", "netIncome": "2184000000"}, {"fiscalDateEnding": "2019-06-30", "reportedCurrency": "USD", "grossProfit": "-7103000000", "totalRevenue": "17497000000", "costOfRevenue": "24600000000", "costofGoodsAndServicesSold": "174000000", "operatingIncome": "-13767000000", "sellingGeneralAndAdministrative": "1707000000", "researchAndDevelopment": "None", "operatingExpenses": "3390000000", "investmentIncomeNet": "-361000000", "netInterestIncome": "-274000000", "interestIncome": "-274000000", "interestExpense": "274000000", "nonInterestIncome": "11216000000", "otherNonOperatingIncome": "None", "depreciation": "None", "depreciationAndAmortization": "None", "incomeBeforeTax": "2292000000", "incomeTaxExpense": "551000000", "interestAndDebtExpense": "274000000", "netIncomeFromContinuingOperations": "1746000000", "comprehensiveIncomeNetOfTax": "6461000000", "ebit": "-13767000000", "ebitda": "None", "netIncome": "1741000000"}, {"fiscalDateEnding": "2019-03-31", "reportedCurrency": "USD", "grossProfit": "-6877000000", "totalRevenue": "16302000000", "costOfRevenue": "23179000000", "costofGoodsAndServicesSold": "170000000", "operatingIncome": "-13291000000", "sellingGeneralAndAdministrative": "1672000000", "researchAndDevelopment": "None", "operatingExpenses": "3225000000", "investmentIncomeNet": "-356000000", "netInterestIncome": "-234000000", "interestIncome": "-234000000", "interestExpense": "234000000", "nonInterestIncome": "9856000000", "otherNonOperatingIncome": "None", "depreciation": "None", "depreciationAndAmortization": "None", "incomeBeforeTax": "1740000000", "incomeTaxExpense": "359000000", "interestAndDebtExpense": "234000000", "netIncomeFromContinuingOperations": "1385000000", "comprehensiveIncomeNetOfTax": "6549000000", "ebit": "-13291000000", "ebitda": "None", "netIncome": "1381000000"}, {"fiscalDateEnding": "2018-12-31", "reportedCurrency": "USD", "grossProfit": "15662000000", "totalRevenue": "15662000000", "costOfRevenue": "25122000000", "costofGoodsAndServicesSold": "199000000", "operatingIncome": "15662000000", "sellingGeneralAndAdministrative": "1476000000", "researchAndDevelopment": "None", "operatingExpenses": "3395000000", "investmentIncomeNet": "-335000000", "netInterestIncome": "None", "interestIncome": "None", "interestExpense": "260000000", "nonInterestIncome": "11531000000", "otherNonOperatingIncome": "None", "depreciation": "None", "depreciationAndAmortization": "None", "incomeBeforeTax": "2476000000", "incomeTaxExpense": "409000000", "interestAndDebtExpense": "260000000", "netIncomeFromContinuingOperations": "2010000000", "comprehensiveIncomeNetOfTax": "2789000000", "ebit": "15662000000", "ebitda": "None", "netIncome": "2067000000"}, {"fiscalDateEnding": "2018-09-30", "reportedCurrency": "USD", "grossProfit": "-8339000000", "totalRevenue": "16289000000", "costOfRevenue": "24628000000", "costofGoodsAndServicesSold": "193000000", "operatingIncome": "-15095000000", "sellingGeneralAndAdministrative": "1693000000", "researchAndDevelopment": "None", "operatingExpenses": "3469000000", "investmentIncomeNet": "-333000000", "netInterestIncome": "None", "interestIncome": "None", "interestExpense": "267000000", "nonInterestIncome": "9795000000", "otherNonOperatingIncome": "None", "depreciation": "None", "depreciationAndAmortization": "None", "incomeBeforeTax": "1076000000", "incomeTaxExpense": "164000000", "interestAndDebtExpense": "267000000", "netIncomeFromContinuingOperations": "880000000", "comprehensiveIncomeNetOfTax": "-942000000", "ebit": "-15095000000", "ebitda": "None", "netIncome": "912000000"}, {"fiscalDateEnding": "2018-06-30", "reportedCurrency": "USD", "grossProfit": "-13150000000", "totalRevenue": "21185000000", "costOfRevenue": "34335000000", "costofGoodsAndServicesSold": "187000000", "operatingIncome": "-19954000000", "sellingGeneralAndAdministrative": "1789000000", "researchAndDevelopment": "None", "operatingExpenses": "3485000000", "investmentIncomeNet": "-315000000", "netInterestIncome": "None", "interestIncome": "None", "interestExpense": "309000000", "nonInterestIncome": "15069000000", "otherNonOperatingIncome": "None", "depreciation": "None", "depreciationAndAmortization": "None", "incomeBeforeTax": "1098000000", "incomeTaxExpense": "207000000", "interestAndDebtExpense": "309000000", "netIncomeFromContinuingOperations": "845000000", "comprehensiveIncomeNetOfTax": "-1889000000", "ebit": "-19954000000", "ebitda": "None", "netIncome": "891000000"}, {"fiscalDateEnding": "2018-03-31", "reportedCurrency": "USD", "grossProfit": "-5521000000", "totalRevenue": "14805000000", "costOfRevenue": "20326000000", "costofGoodsAndServicesSold": "179000000", "operatingIncome": "-12090000000", "sellingGeneralAndAdministrative": "1659000000", "researchAndDevelopment": "None", "operatingExpenses": "3365000000", "investmentIncomeNet": "-302000000", "netInterestIncome": "None", "interestIncome": "None", "interestExpense": "286000000", "nonInterestIncome": "10970000000", "otherNonOperatingIncome": "None", "depreciation": "None", "depreciationAndAmortization": "None", "incomeBeforeTax": "1652000000", "incomeTaxExpense": "399000000", "interestAndDebtExpense": "286000000", "netIncomeFromContinuingOperations": "1247000000", "comprehensiveIncomeNetOfTax": "-1452000000", "ebit": "-12090000000", "ebitda": "None", "netIncome": "1253000000"}, {"fiscalDateEnding": "2017-12-31", "reportedCurrency": "USD", "grossProfit": "15840000000", "totalRevenue": "15840000000", "costOfRevenue": "22330000000", "costofGoodsAndServicesSold": "90000000", "operatingIncome": "15840000000", "sellingGeneralAndAdministrative": "615000000", "researchAndDevelopment": "None", "operatingExpenses": "3752000000", "investmentIncomeNet": "-302000000", "netInterestIncome": "None", "interestIncome": "None", "interestExpense": "278000000", "nonInterestIncome": "11169000000", "otherNonOperatingIncome": "None", "depreciation": "None", "depreciationAndAmortization": "None", "incomeBeforeTax": "963000000", "incomeTaxExpense": "-1354000000", "interestAndDebtExpense": "278000000", "netIncomeFromContinuingOperations": "2272000000", "comprehensiveIncomeNetOfTax": "2739000000", "ebit": "15840000000", "ebitda": "None", "netIncome": "2317000000"}, {"fiscalDateEnding": "2017-09-30", "reportedCurrency": "USD", "grossProfit": "-9941000000", "totalRevenue": "16171000000", "costOfRevenue": "26045000000", "costofGoodsAndServicesSold": "258000000", "operatingIncome": "-16460000000", "sellingGeneralAndAdministrative": "1969000000", "researchAndDevelopment": "None", "operatingExpenses": "3318000000", "investmentIncomeNet": "-293000000", "netInterestIncome": "None", "interestIncome": "None", "interestExpense": "284000000", "nonInterestIncome": "12419000000", "otherNonOperatingIncome": "None", "depreciation": "None", "depreciationAndAmortization": "None", "incomeBeforeTax": "-489000000", "incomeTaxExpense": "-398000000", "interestAndDebtExpense": "284000000", "netIncomeFromContinuingOperations": "871000000", "comprehensiveIncomeNetOfTax": "-202000000", "ebit": "-16460000000", "ebitda": "None", "netIncome": "-91000000"}, {"fiscalDateEnding": "2017-06-30", "reportedCurrency": "USD", "grossProfit": "-9082000000", "totalRevenue": "15333000000", "costOfRevenue": "26327000000", "costofGoodsAndServicesSold": "370000000", "operatingIncome": "-17060000000", "sellingGeneralAndAdministrative": "2446000000", "researchAndDevelopment": "None", "operatingExpenses": "3283000000", "investmentIncomeNet": "-310000000", "netInterestIncome": "None", "interestIncome": "None", "interestExpense": "295000000", "nonInterestIncome": "11719000000", "otherNonOperatingIncome": "None", "depreciation": "None", "depreciationAndAmortization": "None", "incomeBeforeTax": "1073000000", "incomeTaxExpense": "162000000", "interestAndDebtExpense": "284000000", "netIncomeFromContinuingOperations": "807000000", "comprehensiveIncomeNetOfTax": "2951000000", "ebit": "-17060000000", "ebitda": "None", "netIncome": "911000000"}, {"fiscalDateEnding": "2017-03-31", "reportedCurrency": "USD", "grossProfit": "-8959000000", "totalRevenue": "14964000000", "costOfRevenue": "25228000000", "costofGoodsAndServicesSold": "386000000", "operatingIncome": "-16097000000", "sellingGeneralAndAdministrative": "2098000000", "researchAndDevelopment": "None", "operatingExpenses": "3268000000", "investmentIncomeNet": "-297000000", "netInterestIncome": "None", "interestIncome": "None", "interestExpense": "296000000", "nonInterestIncome": "10728000000", "otherNonOperatingIncome": "None", "depreciation": "None", "depreciationAndAmortization": "None", "incomeBeforeTax": "993000000", "incomeTaxExpense": "120000000", "interestAndDebtExpense": "283000000", "netIncomeFromContinuingOperations": "943000000", "comprehensiveIncomeNetOfTax": "1903000000", "ebit": "-16097000000", "ebitda": "None", "netIncome": "873000000"}, {"fiscalDateEnding": "2016-12-31", "reportedCurrency": "USD", "grossProfit": "12076000000", "totalRevenue": "12387000000", "costOfRevenue": "29104000000", "costofGoodsAndServicesSold": "399000000", "operatingIncome": "12076000000", "sellingGeneralAndAdministrative": "2276000000", "researchAndDevelopment": "None", "operatingExpenses": "3453000000", "investmentIncomeNet": "-285000000", "netInterestIncome": "None", "interestIncome": "None", "interestExpense": "291000000", "nonInterestIncome": "6494000000", "otherNonOperatingIncome": "None", "depreciation": "None", "depreciationAndAmortization": "None", "incomeBeforeTax": "-2903000000", "incomeTaxExpense": "-560000000", "interestAndDebtExpense": "282000000", "netIncomeFromContinuingOperations": "-728000000", "comprehensiveIncomeNetOfTax": "-10263000000", "ebit": "12076000000", "ebitda": "None", "netIncome": "-2343000000"}]}