{"symbol": "MKTX", "annualReports": [{"fiscalDateEnding": "2020-12-31", "reportedCurrency": "USD", "grossProfit": "476165000", "totalRevenue": "689683000", "costOfRevenue": "213518000", "costofGoodsAndServicesSold": "156885000", "operatingIncome": "374728000", "sellingGeneralAndAdministrative": "20637000", "researchAndDevelopment": "None", "operatingExpenses": "314397000", "investmentIncomeNet": "None", "netInterestIncome": "-1142000", "interestIncome": "None", "interestExpense": "1142000", "nonInterestIncome": "690825000", "otherNonOperatingIncome": "-1673000", "depreciation": "None", "depreciationAndAmortization": "35996000", "incomeBeforeTax": "374359000", "incomeTaxExpense": "74982000", "interestAndDebtExpense": "1142000", "netIncomeFromContinuingOperations": "299377000", "comprehensiveIncomeNetOfTax": "304997000", "ebit": "375501000", "ebitda": "411497000", "netIncome": "299377000"}, {"fiscalDateEnding": "2019-12-31", "reportedCurrency": "USD", "grossProfit": "326161000", "totalRevenue": "511352000", "costOfRevenue": "185191000", "costofGoodsAndServicesSold": "131079000", "operatingIncome": "250882000", "sellingGeneralAndAdministrative": "27255000", "researchAndDevelopment": "None", "operatingExpenses": "260470000", "investmentIncomeNet": "None", "netInterestIncome": "None", "interestIncome": "8063000", "interestExpense": "None", "nonInterestIncome": "511352000", "otherNonOperatingIncome": "-1521000", "depreciation": "None", "depreciationAndAmortization": "26857000", "incomeBeforeTax": "257424000", "incomeTaxExpense": "52522000", "interestAndDebtExpense": "None", "netIncomeFromContinuingOperations": "204902000", "comprehensiveIncomeNetOfTax": "207026000", "ebit": "250882000", "ebitda": "277739000", "netIncome": "204902000"}, {"fiscalDateEnding": "2018-12-31", "reportedCurrency": "USD", "grossProfit": "279901000", "totalRevenue": "435565000", "costOfRevenue": "155664000", "costofGoodsAndServicesSold": "109117000", "operatingIncome": "212584000", "sellingGeneralAndAdministrative": "23467000", "researchAndDevelopment": "None", "operatingExpenses": "222981000", "investmentIncomeNet": "None", "netInterestIncome": "None", "interestIncome": "6112000", "interestExpense": "None", "nonInterestIncome": "435565000", "otherNonOperatingIncome": "-610000", "depreciation": "None", "depreciationAndAmortization": "23080000", "incomeBeforeTax": "218086000", "incomeTaxExpense": "45234000", "interestAndDebtExpense": "None", "netIncomeFromContinuingOperations": "172852000", "comprehensiveIncomeNetOfTax": "170684000", "ebit": "212584000", "ebitda": "235664000", "netIncome": "172852000"}, {"fiscalDateEnding": "2017-12-31", "reportedCurrency": "USD", "grossProfit": "364659000", "totalRevenue": "406274000", "costOfRevenue": "41615000", "costofGoodsAndServicesSold": "102751000", "operatingIncome": "199615000", "sellingGeneralAndAdministrative": "22341000", "researchAndDevelopment": "None", "operatingExpenses": "193807000", "investmentIncomeNet": "None", "netInterestIncome": "None", "interestIncome": "3619000", "interestExpense": "None", "nonInterestIncome": "400982000", "otherNonOperatingIncome": "-1466000", "depreciation": "None", "depreciationAndAmortization": "19274000", "incomeBeforeTax": "201768000", "incomeTaxExpense": "53679000", "interestAndDebtExpense": "None", "netIncomeFromContinuingOperations": "148089000", "comprehensiveIncomeNetOfTax": "150091000", "ebit": "199615000", "ebitda": "218889000", "netIncome": "148089000"}, {"fiscalDateEnding": "2016-12-31", "reportedCurrency": "USD", "grossProfit": "327518000", "totalRevenue": "369919000", "costOfRevenue": "42401000", "costofGoodsAndServicesSold": "96785000", "operatingIncome": "189985000", "sellingGeneralAndAdministrative": "24563000", "researchAndDevelopment": "None", "operatingExpenses": "177745000", "investmentIncomeNet": "None", "netInterestIncome": "None", "interestIncome": "None", "interestExpense": "None", "nonInterestIncome": "370007000", "otherNonOperatingIncome": "-520000", "depreciation": "None", "depreciationAndAmortization": "17838000", "incomeBeforeTax": "191602000", "incomeTaxExpense": "65430000", "interestAndDebtExpense": "None", "netIncomeFromContinuingOperations": "126172000", "comprehensiveIncomeNetOfTax": "119173000", "ebit": "189985000", "ebitda": "207823000", "netIncome": "126172000"}], "quarterlyReports": [{"fiscalDateEnding": "2021-09-30", "reportedCurrency": "USD", "grossProfit": "101735000", "totalRevenue": "161779000", "costOfRevenue": "60044000", "costofGoodsAndServicesSold": "40878000", "operatingIncome": "74003000", "sellingGeneralAndAdministrative": "5202000", "researchAndDevelopment": "None", "operatingExpenses": "88090000", "investmentIncomeNet": "None", "netInterestIncome": "-314000", "interestIncome": "None", "interestExpense": "314000", "nonInterestIncome": "162093000", "otherNonOperatingIncome": "697000", "depreciation": "None", "depreciationAndAmortization": "13964000", "incomeBeforeTax": "74494000", "incomeTaxExpense": "16536000", "interestAndDebtExpense": "314000", "netIncomeFromContinuingOperations": "57958000", "comprehensiveIncomeNetOfTax": "52809000", "ebit": "74808000", "ebitda": "88772000", "netIncome": "57958000"}, {"fiscalDateEnding": "2021-06-30", "reportedCurrency": "USD", "grossProfit": "115926000", "totalRevenue": "176163000", "costOfRevenue": "60237000", "costofGoodsAndServicesSold": "40732000", "operatingIncome": "87177000", "sellingGeneralAndAdministrative": "6408000", "researchAndDevelopment": "None", "operatingExpenses": "89157000", "investmentIncomeNet": "None", "netInterestIncome": "-171000", "interestIncome": "None", "interestExpense": "171000", "nonInterestIncome": "176334000", "otherNonOperatingIncome": "-1060000", "depreciation": "None", "depreciationAndAmortization": "13097000", "incomeBeforeTax": "86053000", "incomeTaxExpense": "18765000", "interestAndDebtExpense": "171000", "netIncomeFromContinuingOperations": "67288000", "comprehensiveIncomeNetOfTax": "68426000", "ebit": "86224000", "ebitda": "99321000", "netIncome": "67288000"}, {"fiscalDateEnding": "2021-03-31", "reportedCurrency": "USD", "grossProfit": "130970000", "totalRevenue": "195273000", "costOfRevenue": "64303000", "costofGoodsAndServicesSold": "48088000", "operatingIncome": "103474000", "sellingGeneralAndAdministrative": "4436000", "researchAndDevelopment": "None", "operatingExpenses": "91990000", "investmentIncomeNet": "None", "netInterestIncome": "-191000", "interestIncome": "None", "interestExpense": "191000", "nonInterestIncome": "195464000", "otherNonOperatingIncome": "-1589000", "depreciation": "None", "depreciationAndAmortization": "11779000", "incomeBeforeTax": "101801000", "incomeTaxExpense": "21344000", "interestAndDebtExpense": "191000", "netIncomeFromContinuingOperations": "80457000", "comprehensiveIncomeNetOfTax": "78525000", "ebit": "101992000", "ebitda": "113771000", "netIncome": "80457000"}, {"fiscalDateEnding": "2020-12-31", "reportedCurrency": "USD", "grossProfit": "120735000", "totalRevenue": "172950000", "costOfRevenue": "52215000", "costofGoodsAndServicesSold": "36472000", "operatingIncome": "91697000", "sellingGeneralAndAdministrative": "5151000", "researchAndDevelopment": "None", "operatingExpenses": "79649000", "investmentIncomeNet": "None", "netInterestIncome": "-96000", "interestIncome": "None", "interestExpense": "96000", "nonInterestIncome": "173046000", "otherNonOperatingIncome": "-1431000", "depreciation": "None", "depreciationAndAmortization": "10592000", "incomeBeforeTax": "90289000", "incomeTaxExpense": "17358000", "interestAndDebtExpense": "96000", "netIncomeFromContinuingOperations": "72931000", "comprehensiveIncomeNetOfTax": "78880000", "ebit": "90385000", "ebitda": "100977000", "netIncome": "72931000"}, {"fiscalDateEnding": "2020-09-30", "reportedCurrency": "USD", "grossProfit": "111730000", "totalRevenue": "162960000", "costOfRevenue": "51230000", "costofGoodsAndServicesSold": "37583000", "operatingIncome": "87807000", "sellingGeneralAndAdministrative": "4615000", "researchAndDevelopment": "None", "operatingExpenses": "76199000", "investmentIncomeNet": "None", "netInterestIncome": "-1046000", "interestIncome": "None", "interestExpense": "1046000", "nonInterestIncome": "164006000", "otherNonOperatingIncome": "860000", "depreciation": "None", "depreciationAndAmortization": "9032000", "incomeBeforeTax": "87965000", "incomeTaxExpense": "20189000", "interestAndDebtExpense": "1046000", "netIncomeFromContinuingOperations": "67776000", "comprehensiveIncomeNetOfTax": "71328000", "ebit": "89011000", "ebitda": "98043000", "netIncome": "67776000"}, {"fiscalDateEnding": "2020-06-30", "reportedCurrency": "USD", "grossProfit": "129791000", "totalRevenue": "184795000", "costOfRevenue": "55004000", "costofGoodsAndServicesSold": "41636000", "operatingIncome": "104135000", "sellingGeneralAndAdministrative": "5063000", "researchAndDevelopment": "None", "operatingExpenses": "80660000", "investmentIncomeNet": "None", "netInterestIncome": "None", "interestIncome": "714000", "interestExpense": "None", "nonInterestIncome": "184795000", "otherNonOperatingIncome": "-446000", "depreciation": "None", "depreciationAndAmortization": "8305000", "incomeBeforeTax": "104403000", "incomeTaxExpense": "20549000", "interestAndDebtExpense": "None", "netIncomeFromContinuingOperations": "83854000", "comprehensiveIncomeNetOfTax": "84323000", "ebit": "104135000", "ebitda": "112440000", "netIncome": "83854000"}, {"fiscalDateEnding": "2020-03-31", "reportedCurrency": "USD", "grossProfit": "113909000", "totalRevenue": "168978000", "costOfRevenue": "55069000", "costofGoodsAndServicesSold": "41194000", "operatingIncome": "91089000", "sellingGeneralAndAdministrative": "5808000", "researchAndDevelopment": "None", "operatingExpenses": "77889000", "investmentIncomeNet": "None", "netInterestIncome": "None", "interestIncome": "1269000", "interestExpense": "None", "nonInterestIncome": "168978000", "otherNonOperatingIncome": "-656000", "depreciation": "None", "depreciationAndAmortization": "8067000", "incomeBeforeTax": "91702000", "incomeTaxExpense": "16886000", "interestAndDebtExpense": "None", "netIncomeFromContinuingOperations": "74816000", "comprehensiveIncomeNetOfTax": "70466000", "ebit": "91089000", "ebitda": "99156000", "netIncome": "74816000"}, {"fiscalDateEnding": "2019-12-31", "reportedCurrency": "USD", "grossProfit": "80830000", "totalRevenue": "129774000", "costOfRevenue": "48944000", "costofGoodsAndServicesSold": "33117000", "operatingIncome": "60851000", "sellingGeneralAndAdministrative": "8097000", "researchAndDevelopment": "None", "operatingExpenses": "68923000", "investmentIncomeNet": "None", "netInterestIncome": "None", "interestIncome": "1767000", "interestExpense": "None", "nonInterestIncome": "129774000", "otherNonOperatingIncome": "-661000", "depreciation": "None", "depreciationAndAmortization": "7730000", "incomeBeforeTax": "61957000", "incomeTaxExpense": "11684000", "interestAndDebtExpense": "None", "netIncomeFromContinuingOperations": "50273000", "comprehensiveIncomeNetOfTax": "52807000", "ebit": "60851000", "ebitda": "68581000", "netIncome": "50273000"}, {"fiscalDateEnding": "2019-09-30", "reportedCurrency": "USD", "grossProfit": "85948000", "totalRevenue": "131597000", "costOfRevenue": "45649000", "costofGoodsAndServicesSold": "32681000", "operatingIncome": "65965000", "sellingGeneralAndAdministrative": "6268000", "researchAndDevelopment": "None", "operatingExpenses": "65632000", "investmentIncomeNet": "None", "netInterestIncome": "None", "interestIncome": "2211000", "interestExpense": "None", "nonInterestIncome": "131597000", "otherNonOperatingIncome": "-838000", "depreciation": "None", "depreciationAndAmortization": "6700000", "incomeBeforeTax": "67338000", "incomeTaxExpense": "13336000", "interestAndDebtExpense": "None", "netIncomeFromContinuingOperations": "54002000", "comprehensiveIncomeNetOfTax": "52656000", "ebit": "65965000", "ebitda": "72665000", "netIncome": "54002000"}, {"fiscalDateEnding": "2019-06-30", "reportedCurrency": "USD", "grossProfit": "79055000", "totalRevenue": "125490000", "costOfRevenue": "46435000", "costofGoodsAndServicesSold": "32623000", "operatingIncome": "60877000", "sellingGeneralAndAdministrative": "7467000", "researchAndDevelopment": "None", "operatingExpenses": "64613000", "investmentIncomeNet": "None", "netInterestIncome": "None", "interestIncome": "2096000", "interestExpense": "None", "nonInterestIncome": "125490000", "otherNonOperatingIncome": "-64000", "depreciation": "None", "depreciationAndAmortization": "6345000", "incomeBeforeTax": "62909000", "incomeTaxExpense": "14804000", "interestAndDebtExpense": "None", "netIncomeFromContinuingOperations": "48105000", "comprehensiveIncomeNetOfTax": "47464000", "ebit": "60877000", "ebitda": "67222000", "netIncome": "48105000"}, {"fiscalDateEnding": "2019-03-31", "reportedCurrency": "USD", "grossProfit": "80328000", "totalRevenue": "124491000", "costOfRevenue": "44163000", "costofGoodsAndServicesSold": "32658000", "operatingIncome": "63189000", "sellingGeneralAndAdministrative": "5423000", "researchAndDevelopment": "None", "operatingExpenses": "61302000", "investmentIncomeNet": "None", "netInterestIncome": "None", "interestIncome": "None", "interestExpense": "None", "nonInterestIncome": "124491000", "otherNonOperatingIncome": "42000", "depreciation": "None", "depreciationAndAmortization": "6082000", "incomeBeforeTax": "65220000", "incomeTaxExpense": "12698000", "interestAndDebtExpense": "None", "netIncomeFromContinuingOperations": "52522000", "comprehensiveIncomeNetOfTax": "54099000", "ebit": "63189000", "ebitda": "69271000", "netIncome": "52522000"}, {"fiscalDateEnding": "2018-12-31", "reportedCurrency": "USD", "grossProfit": "71834000", "totalRevenue": "112444000", "costOfRevenue": "40610000", "costofGoodsAndServicesSold": "27802000", "operatingIncome": "53965000", "sellingGeneralAndAdministrative": "6960000", "researchAndDevelopment": "None", "operatingExpenses": "58479000", "investmentIncomeNet": "None", "netInterestIncome": "None", "interestIncome": "None", "interestExpense": "None", "nonInterestIncome": "112444000", "otherNonOperatingIncome": "175000", "depreciation": "None", "depreciationAndAmortization": "5848000", "incomeBeforeTax": "56066000", "incomeTaxExpense": "10235000", "interestAndDebtExpense": "None", "netIncomeFromContinuingOperations": "45831000", "comprehensiveIncomeNetOfTax": "45470000", "ebit": "53965000", "ebitda": "59813000", "netIncome": "45831000"}, {"fiscalDateEnding": "2018-09-30", "reportedCurrency": "USD", "grossProfit": "63264000", "totalRevenue": "101443000", "costOfRevenue": "38179000", "costofGoodsAndServicesSold": "26282000", "operatingIncome": "46412000", "sellingGeneralAndAdministrative": "5724000", "researchAndDevelopment": "None", "operatingExpenses": "55031000", "investmentIncomeNet": "None", "netInterestIncome": "None", "interestIncome": "None", "interestExpense": "None", "nonInterestIncome": "101443000", "otherNonOperatingIncome": "-250000", "depreciation": "None", "depreciationAndAmortization": "6173000", "incomeBeforeTax": "47797000", "incomeTaxExpense": "9203000", "interestAndDebtExpense": "None", "netIncomeFromContinuingOperations": "38594000", "comprehensiveIncomeNetOfTax": "38084000", "ebit": "46412000", "ebitda": "52585000", "netIncome": "38594000"}, {"fiscalDateEnding": "2018-06-30", "reportedCurrency": "USD", "grossProfit": "68732000", "totalRevenue": "106964000", "costOfRevenue": "38232000", "costofGoodsAndServicesSold": "26199000", "operatingIncome": "52034000", "sellingGeneralAndAdministrative": "6243000", "researchAndDevelopment": "None", "operatingExpenses": "54930000", "investmentIncomeNet": "None", "netInterestIncome": "None", "interestIncome": "None", "interestExpense": "None", "nonInterestIncome": "106964000", "otherNonOperatingIncome": "-207000", "depreciation": "None", "depreciationAndAmortization": "5790000", "incomeBeforeTax": "53210000", "incomeTaxExpense": "12723000", "interestAndDebtExpense": "None", "netIncomeFromContinuingOperations": "40487000", "comprehensiveIncomeNetOfTax": "39256000", "ebit": "52034000", "ebitda": "57824000", "netIncome": "40487000"}, {"fiscalDateEnding": "2018-03-31", "reportedCurrency": "USD", "grossProfit": "104905000", "totalRevenue": "114714000", "costOfRevenue": "9809000", "costofGoodsAndServicesSold": "28834000", "operatingIncome": "60173000", "sellingGeneralAndAdministrative": "4540000", "researchAndDevelopment": "None", "operatingExpenses": "54541000", "investmentIncomeNet": "None", "netInterestIncome": "None", "interestIncome": "None", "interestExpense": "None", "nonInterestIncome": "116296000", "otherNonOperatingIncome": "-328000", "depreciation": "None", "depreciationAndAmortization": "5269000", "incomeBeforeTax": "61013000", "incomeTaxExpense": "13073000", "interestAndDebtExpense": "None", "netIncomeFromContinuingOperations": "47940000", "comprehensiveIncomeNetOfTax": "47874000", "ebit": "60173000", "ebitda": "65442000", "netIncome": "47940000"}, {"fiscalDateEnding": "2017-12-31", "reportedCurrency": "USD", "grossProfit": "96550000", "totalRevenue": "108368000", "costOfRevenue": "11818000", "costofGoodsAndServicesSold": "24334000", "operatingIncome": "48837000", "sellingGeneralAndAdministrative": "6610000", "researchAndDevelopment": "None", "operatingExpenses": "49723000", "investmentIncomeNet": "None", "netInterestIncome": "None", "interestIncome": "None", "interestExpense": "None", "nonInterestIncome": "99275000", "otherNonOperatingIncome": "-534000", "depreciation": "None", "depreciationAndAmortization": "5208000", "incomeBeforeTax": "49371000", "incomeTaxExpense": "15898000", "interestAndDebtExpense": "None", "netIncomeFromContinuingOperations": "33473000", "comprehensiveIncomeNetOfTax": "33397000", "ebit": "48837000", "ebitda": "54045000", "netIncome": "33473000"}, {"fiscalDateEnding": "2017-09-30", "reportedCurrency": "USD", "grossProfit": "86665000", "totalRevenue": "96701000", "costOfRevenue": "10036000", "costofGoodsAndServicesSold": "25595000", "operatingIncome": "46635000", "sellingGeneralAndAdministrative": "5453000", "researchAndDevelopment": "None", "operatingExpenses": "48949000", "investmentIncomeNet": "None", "netInterestIncome": "None", "interestIncome": "None", "interestExpense": "None", "nonInterestIncome": "86270000", "otherNonOperatingIncome": "-382000", "depreciation": "None", "depreciationAndAmortization": "4583000", "incomeBeforeTax": "47217000", "incomeTaxExpense": "13087000", "interestAndDebtExpense": "None", "netIncomeFromContinuingOperations": "34130000", "comprehensiveIncomeNetOfTax": "35258000", "ebit": "46635000", "ebitda": "51218000", "netIncome": "34130000"}, {"fiscalDateEnding": "2017-06-30", "reportedCurrency": "USD", "grossProfit": "86841000", "totalRevenue": "97314000", "costOfRevenue": "10473000", "costofGoodsAndServicesSold": "25421000", "operatingIncome": "48985000", "sellingGeneralAndAdministrative": "5683000", "researchAndDevelopment": "None", "operatingExpenses": "47329000", "investmentIncomeNet": "None", "netInterestIncome": "None", "interestIncome": "None", "interestExpense": "None", "nonInterestIncome": "87015000", "otherNonOperatingIncome": "-252000", "depreciation": "None", "depreciationAndAmortization": "4790000", "incomeBeforeTax": "49573000", "incomeTaxExpense": "11550000", "interestAndDebtExpense": "None", "netIncomeFromContinuingOperations": "38023000", "comprehensiveIncomeNetOfTax": "39315000", "ebit": "48985000", "ebitda": "53775000", "netIncome": "38023000"}, {"fiscalDateEnding": "2017-03-31", "reportedCurrency": "USD", "grossProfit": "94603000", "totalRevenue": "102964000", "costOfRevenue": "9288000", "costofGoodsAndServicesSold": "27401000", "operatingIncome": "55158000", "sellingGeneralAndAdministrative": "4595000", "researchAndDevelopment": "None", "operatingExpenses": "47806000", "investmentIncomeNet": "None", "netInterestIncome": "None", "interestIncome": "None", "interestExpense": "None", "nonInterestIncome": "105922000", "otherNonOperatingIncome": "-298000", "depreciation": "None", "depreciationAndAmortization": "4693000", "incomeBeforeTax": "55607000", "incomeTaxExpense": "13144000", "interestAndDebtExpense": "None", "netIncomeFromContinuingOperations": "42463000", "comprehensiveIncomeNetOfTax": "42121000", "ebit": "55158000", "ebitda": "59851000", "netIncome": "42463000"}, {"fiscalDateEnding": "2016-12-31", "reportedCurrency": "USD", "grossProfit": "83106000", "totalRevenue": "94436000", "costOfRevenue": "11330000", "costofGoodsAndServicesSold": "22529000", "operatingIncome": "79781000", "sellingGeneralAndAdministrative": "7038000", "researchAndDevelopment": "None", "operatingExpenses": "43537000", "investmentIncomeNet": "None", "netInterestIncome": "None", "interestIncome": "None", "interestExpense": "None", "nonInterestIncome": "96619000", "otherNonOperatingIncome": "None", "depreciation": "None", "depreciationAndAmortization": "4292000", "incomeBeforeTax": "50327000", "incomeTaxExpense": "17162000", "interestAndDebtExpense": "None", "netIncomeFromContinuingOperations": "33165000", "comprehensiveIncomeNetOfTax": "31082000", "ebit": "79781000", "ebitda": "84073000", "netIncome": "33165000"}]}