{"symbol": "MPWR", "annualReports": [{"fiscalDateEnding": "2020-12-31", "reportedCurrency": "USD", "grossProfit": "465954000", "totalRevenue": "844452000", "costOfRevenue": "378498000", "costofGoodsAndServicesSold": "378498000", "operatingIncome": "158882000", "sellingGeneralAndAdministrative": "161670000", "researchAndDevelopment": "137598000", "operatingExpenses": "307072000", "investmentIncomeNet": "None", "netInterestIncome": "9327000", "interestIncome": "9327000", "interestExpense": "None", "nonInterestIncome": "843088000", "otherNonOperatingIncome": "884000", "depreciation": "18900000", "depreciationAndAmortization": "19186000", "incomeBeforeTax": "169342000", "incomeTaxExpense": "4967000", "interestAndDebtExpense": "None", "netIncomeFromContinuingOperations": "164375000", "comprehensiveIncomeNetOfTax": "179991000", "ebit": "158882000", "ebitda": "188528000", "netIncome": "164375000"}, {"fiscalDateEnding": "2019-12-31", "reportedCurrency": "USD", "grossProfit": "346325000", "totalRevenue": "627921000", "costOfRevenue": "281596000", "costofGoodsAndServicesSold": "281596000", "operatingIncome": "102562000", "sellingGeneralAndAdministrative": "133542000", "researchAndDevelopment": "107757000", "operatingExpenses": "243763000", "investmentIncomeNet": "None", "netInterestIncome": "7305000", "interestIncome": "7305000", "interestExpense": "None", "nonInterestIncome": "627870000", "otherNonOperatingIncome": "486000", "depreciation": "14500000", "depreciationAndAmortization": "14867000", "incomeBeforeTax": "113120000", "incomeTaxExpense": "4281000", "interestAndDebtExpense": "None", "netIncomeFromContinuingOperations": "108839000", "comprehensiveIncomeNetOfTax": "108906000", "ebit": "102562000", "ebitda": "127987000", "netIncome": "108839000"}, {"fiscalDateEnding": "2018-12-31", "reportedCurrency": "USD", "grossProfit": "322668000", "totalRevenue": "582382000", "costOfRevenue": "259714000", "costofGoodsAndServicesSold": "259714000", "operatingIncome": "113488000", "sellingGeneralAndAdministrative": "113803000", "researchAndDevelopment": "93455000", "operatingExpenses": "209180000", "investmentIncomeNet": "None", "netInterestIncome": "6321000", "interestIncome": "6321000", "interestExpense": "4994000", "nonInterestIncome": "583313000", "otherNonOperatingIncome": "95000", "depreciation": "11400000", "depreciationAndAmortization": "800000", "incomeBeforeTax": "118482000", "incomeTaxExpense": "13214000", "interestAndDebtExpense": "None", "netIncomeFromContinuingOperations": "105268000", "comprehensiveIncomeNetOfTax": "97912000", "ebit": "113488000", "ebitda": "114288000", "netIncome": "105268000"}, {"fiscalDateEnding": "2017-12-31", "reportedCurrency": "USD", "grossProfit": "258283000", "totalRevenue": "470929000", "costOfRevenue": "212646000", "costofGoodsAndServicesSold": "212646000", "operatingIncome": "77424000", "sellingGeneralAndAdministrative": "97257000", "researchAndDevelopment": "82359000", "operatingExpenses": "180859000", "investmentIncomeNet": "None", "netInterestIncome": "5353000", "interestIncome": "5353000", "interestExpense": "4994000", "nonInterestIncome": "-547000", "otherNonOperatingIncome": "162000", "depreciation": "14000000", "depreciationAndAmortization": "2100000", "incomeBeforeTax": "82944000", "incomeTaxExpense": "17741000", "interestAndDebtExpense": "None", "netIncomeFromContinuingOperations": "65203000", "comprehensiveIncomeNetOfTax": "71231000", "ebit": "77424000", "ebitda": "79524000", "netIncome": "65203000"}, {"fiscalDateEnding": "2016-12-31", "reportedCurrency": "USD", "grossProfit": "210873000", "totalRevenue": "388665000", "costOfRevenue": "177792000", "costofGoodsAndServicesSold": "177792000", "operatingIncome": "54447000", "sellingGeneralAndAdministrative": "83012000", "researchAndDevelopment": "73643000", "operatingExpenses": "156426000", "investmentIncomeNet": "None", "netInterestIncome": "2488000", "interestIncome": "2488000", "interestExpense": "4994000", "nonInterestIncome": "8000", "otherNonOperatingIncome": "2817000", "depreciation": "12600000", "depreciationAndAmortization": "2100000", "incomeBeforeTax": "57264000", "incomeTaxExpense": "4544000", "interestAndDebtExpense": "None", "netIncomeFromContinuingOperations": "52720000", "comprehensiveIncomeNetOfTax": "47039000", "ebit": "54447000", "ebitda": "56547000", "netIncome": "52720000"}], "quarterlyReports": [{"fiscalDateEnding": "2021-09-30", "reportedCurrency": "USD", "grossProfit": "186311000", "totalRevenue": "323522000", "costOfRevenue": "137211000", "costofGoodsAndServicesSold": "137211000", "operatingIncome": "77131000", "sellingGeneralAndAdministrative": "56291000", "researchAndDevelopment": "49468000", "operatingExpenses": "109180000", "investmentIncomeNet": "None", "netInterestIncome": "3050000", "interestIncome": "3050000", "interestExpense": "None", "nonInterestIncome": "323351000", "otherNonOperatingIncome": "-382000", "depreciation": "None", "depreciationAndAmortization": "7727000", "incomeBeforeTax": "77924000", "incomeTaxExpense": "9154000", "interestAndDebtExpense": "None", "netIncomeFromContinuingOperations": "68770000", "comprehensiveIncomeNetOfTax": "68131000", "ebit": "77131000", "ebitda": "85651000", "netIncome": "68770000"}, {"fiscalDateEnding": "2021-06-30", "reportedCurrency": "USD", "grossProfit": "164215000", "totalRevenue": "293317000", "costOfRevenue": "129102000", "costofGoodsAndServicesSold": "129102000", "operatingIncome": "60628000", "sellingGeneralAndAdministrative": "57238000", "researchAndDevelopment": "44753000", "operatingExpenses": "103587000", "investmentIncomeNet": "None", "netInterestIncome": "2770000", "interestIncome": "2770000", "interestExpense": "None", "nonInterestIncome": "292929000", "otherNonOperatingIncome": "-100000", "depreciation": "None", "depreciationAndAmortization": "7120000", "incomeBeforeTax": "63659000", "incomeTaxExpense": "8490000", "interestAndDebtExpense": "None", "netIncomeFromContinuingOperations": "55169000", "comprehensiveIncomeNetOfTax": "60458000", "ebit": "60628000", "ebitda": "70779000", "netIncome": "55169000"}, {"fiscalDateEnding": "2021-03-31", "reportedCurrency": "USD", "grossProfit": "141059000", "totalRevenue": "254455000", "costOfRevenue": "113396000", "costofGoodsAndServicesSold": "113396000", "operatingIncome": "46086000", "sellingGeneralAndAdministrative": "51453000", "researchAndDevelopment": "41892000", "operatingExpenses": "94973000", "investmentIncomeNet": "None", "netInterestIncome": "2282000", "interestIncome": "2282000", "interestExpense": "None", "nonInterestIncome": "254470000", "otherNonOperatingIncome": "-74000", "depreciation": "None", "depreciationAndAmortization": "5529000", "incomeBeforeTax": "48673000", "incomeTaxExpense": "3260000", "interestAndDebtExpense": "None", "netIncomeFromContinuingOperations": "45413000", "comprehensiveIncomeNetOfTax": "42285000", "ebit": "46086000", "ebitda": "54202000", "netIncome": "45413000"}, {"fiscalDateEnding": "2020-12-31", "reportedCurrency": "USD", "grossProfit": "128874000", "totalRevenue": "233043000", "costOfRevenue": "104169000", "costofGoodsAndServicesSold": "104169000", "operatingIncome": "39962000", "sellingGeneralAndAdministrative": "45120000", "researchAndDevelopment": "42252000", "operatingExpenses": "88912000", "investmentIncomeNet": "None", "netInterestIncome": "2254000", "interestIncome": "2254000", "interestExpense": "None", "nonInterestIncome": "232583000", "otherNonOperatingIncome": "524000", "depreciation": "None", "depreciationAndAmortization": "5401000", "incomeBeforeTax": "44442000", "incomeTaxExpense": "1555000", "interestAndDebtExpense": "None", "netIncomeFromContinuingOperations": "42887000", "comprehensiveIncomeNetOfTax": "50543000", "ebit": "39962000", "ebitda": "49843000", "netIncome": "42887000"}, {"fiscalDateEnding": "2020-09-30", "reportedCurrency": "USD", "grossProfit": "143040000", "totalRevenue": "259422000", "costOfRevenue": "116382000", "costofGoodsAndServicesSold": "116382000", "operatingIncome": "59979000", "sellingGeneralAndAdministrative": "43503000", "researchAndDevelopment": "37717000", "operatingExpenses": "83061000", "investmentIncomeNet": "None", "netInterestIncome": "2311000", "interestIncome": "2311000", "interestExpense": "None", "nonInterestIncome": "258663000", "otherNonOperatingIncome": "207000", "depreciation": "None", "depreciationAndAmortization": "4956000", "incomeBeforeTax": "62473000", "incomeTaxExpense": "6907000", "interestAndDebtExpense": "None", "netIncomeFromContinuingOperations": "55566000", "comprehensiveIncomeNetOfTax": "62134000", "ebit": "59979000", "ebitda": "67429000", "netIncome": "55566000"}, {"fiscalDateEnding": "2020-06-30", "reportedCurrency": "USD", "grossProfit": "102593000", "totalRevenue": "186209000", "costOfRevenue": "83616000", "costofGoodsAndServicesSold": "83616000", "operatingIncome": "27955000", "sellingGeneralAndAdministrative": "40883000", "researchAndDevelopment": "31673000", "operatingExpenses": "74638000", "investmentIncomeNet": "None", "netInterestIncome": "2388000", "interestIncome": "2388000", "interestExpense": "None", "nonInterestIncome": "186076000", "otherNonOperatingIncome": "0", "depreciation": "None", "depreciationAndAmortization": "4501000", "incomeBeforeTax": "33155000", "incomeTaxExpense": "3000000", "interestAndDebtExpense": "None", "netIncomeFromContinuingOperations": "30167000", "comprehensiveIncomeNetOfTax": "36094000", "ebit": "27955000", "ebitda": "37656000", "netIncome": "30167000"}, {"fiscalDateEnding": "2020-03-31", "reportedCurrency": "USD", "grossProfit": "91447000", "totalRevenue": "165778000", "costOfRevenue": "74331000", "costofGoodsAndServicesSold": "74331000", "operatingIncome": "30986000", "sellingGeneralAndAdministrative": "32164000", "researchAndDevelopment": "25956000", "operatingExpenses": "60461000", "investmentIncomeNet": "None", "netInterestIncome": "2374000", "interestIncome": "2374000", "interestExpense": "None", "nonInterestIncome": "165782000", "otherNonOperatingIncome": "153000", "depreciation": "None", "depreciationAndAmortization": "4328000", "incomeBeforeTax": "29272000", "incomeTaxExpense": "-6484000", "interestAndDebtExpense": "None", "netIncomeFromContinuingOperations": "35756000", "comprehensiveIncomeNetOfTax": "31221000", "ebit": "30986000", "ebitda": "33600000", "netIncome": "35756000"}, {"fiscalDateEnding": "2019-12-31", "reportedCurrency": "USD", "grossProfit": "91936000", "totalRevenue": "166738000", "costOfRevenue": "74802000", "costofGoodsAndServicesSold": "74802000", "operatingIncome": "30694000", "sellingGeneralAndAdministrative": "33240000", "researchAndDevelopment": "27011000", "operatingExpenses": "61242000", "investmentIncomeNet": "None", "netInterestIncome": "2098000", "interestIncome": "2098000", "interestExpense": "None", "nonInterestIncome": "166738000", "otherNonOperatingIncome": "159000", "depreciation": "None", "depreciationAndAmortization": "4050000", "incomeBeforeTax": "33425000", "incomeTaxExpense": "989000", "interestAndDebtExpense": "None", "netIncomeFromContinuingOperations": "32436000", "comprehensiveIncomeNetOfTax": "37000000", "ebit": "30694000", "ebitda": "37475000", "netIncome": "32436000"}, {"fiscalDateEnding": "2019-09-30", "reportedCurrency": "USD", "grossProfit": "93158000", "totalRevenue": "168813000", "costOfRevenue": "75655000", "costofGoodsAndServicesSold": "75655000", "operatingIncome": "30032000", "sellingGeneralAndAdministrative": "34692000", "researchAndDevelopment": "27742000", "operatingExpenses": "63126000", "investmentIncomeNet": "None", "netInterestIncome": "1850000", "interestIncome": "1850000", "interestExpense": "None", "nonInterestIncome": "168988000", "otherNonOperatingIncome": "326000", "depreciation": "None", "depreciationAndAmortization": "3823000", "incomeBeforeTax": "32289000", "incomeTaxExpense": "2761000", "interestAndDebtExpense": "None", "netIncomeFromContinuingOperations": "29489000", "comprehensiveIncomeNetOfTax": "23627000", "ebit": "30032000", "ebitda": "36112000", "netIncome": "29528000"}, {"fiscalDateEnding": "2019-07-10", "reportedCurrency": "USD", "grossProfit": "83225000", "totalRevenue": "151007000", "costOfRevenue": "67782000", "costofGoodsAndServicesSold": "67782000", "operatingIncome": "20622000", "sellingGeneralAndAdministrative": "35058000", "researchAndDevelopment": "27545000", "operatingExpenses": "62603000", "investmentIncomeNet": "None", "netInterestIncome": "1661000", "interestIncome": "1661000", "interestExpense": "None", "nonInterestIncome": "None", "otherNonOperatingIncome": "2229000", "depreciation": "None", "depreciationAndAmortization": "3739000", "incomeBeforeTax": "-25058000", "incomeTaxExpense": "1623000", "interestAndDebtExpense": "None", "netIncomeFromContinuingOperations": "-26681000", "comprehensiveIncomeNetOfTax": "-31184000", "ebit": "22348000", "ebitda": "26087000", "netIncome": "-26681000"}, {"fiscalDateEnding": "2019-03-31", "reportedCurrency": "USD", "grossProfit": "78006000", "totalRevenue": "141363000", "costOfRevenue": "63357000", "costofGoodsAndServicesSold": "63357000", "operatingIncome": "21717000", "sellingGeneralAndAdministrative": "30553000", "researchAndDevelopment": "25458000", "operatingExpenses": "56289000", "investmentIncomeNet": "None", "netInterestIncome": "1696000", "interestIncome": "1696000", "interestExpense": "None", "nonInterestIncome": "141148000", "otherNonOperatingIncome": "32000", "depreciation": "None", "depreciationAndAmortization": "3255000", "incomeBeforeTax": "25058000", "incomeTaxExpense": "-1123000", "interestAndDebtExpense": "None", "netIncomeFromContinuingOperations": "26181000", "comprehensiveIncomeNetOfTax": "30684000", "ebit": "21717000", "ebitda": "28313000", "netIncome": "26181000"}, {"fiscalDateEnding": "2018-12-31", "reportedCurrency": "USD", "grossProfit": "84593000", "totalRevenue": "153497000", "costOfRevenue": "68904000", "costofGoodsAndServicesSold": "68904000", "operatingIncome": "33077000", "sellingGeneralAndAdministrative": "28372000", "researchAndDevelopment": "22735000", "operatingExpenses": "51516000", "investmentIncomeNet": "None", "netInterestIncome": "None", "interestIncome": "None", "interestExpense": "-393000", "nonInterestIncome": "153497000", "otherNonOperatingIncome": "-393000", "depreciation": "None", "depreciationAndAmortization": "3253000", "incomeBeforeTax": "32684000", "incomeTaxExpense": "5046000", "interestAndDebtExpense": "None", "netIncomeFromContinuingOperations": "27638000", "comprehensiveIncomeNetOfTax": "27835000", "ebit": "33077000", "ebitda": "35937000", "netIncome": "27638000"}, {"fiscalDateEnding": "2018-09-30", "reportedCurrency": "USD", "grossProfit": "89018000", "totalRevenue": "159975000", "costOfRevenue": "70957000", "costofGoodsAndServicesSold": "70957000", "operatingIncome": "33493000", "sellingGeneralAndAdministrative": "29552000", "researchAndDevelopment": "25630000", "operatingExpenses": "55525000", "investmentIncomeNet": "None", "netInterestIncome": "None", "interestIncome": "None", "interestExpense": "-393000", "nonInterestIncome": "160675000", "otherNonOperatingIncome": "28000", "depreciation": "None", "depreciationAndAmortization": "3228000", "incomeBeforeTax": "36207000", "incomeTaxExpense": "4639000", "interestAndDebtExpense": "None", "netIncomeFromContinuingOperations": "31568000", "comprehensiveIncomeNetOfTax": "27533000", "ebit": "33493000", "ebitda": "39435000", "netIncome": "31568000"}, {"fiscalDateEnding": "2018-06-30", "reportedCurrency": "USD", "grossProfit": "77564000", "totalRevenue": "139761000", "costOfRevenue": "62197000", "costofGoodsAndServicesSold": "62197000", "operatingIncome": "24882000", "sellingGeneralAndAdministrative": "28561000", "researchAndDevelopment": "23481000", "operatingExpenses": "52682000", "investmentIncomeNet": "None", "netInterestIncome": "None", "interestIncome": "None", "interestExpense": "-393000", "nonInterestIncome": "140375000", "otherNonOperatingIncome": "10000", "depreciation": "None", "depreciationAndAmortization": "3075000", "incomeBeforeTax": "27114000", "incomeTaxExpense": "2908000", "interestAndDebtExpense": "None", "netIncomeFromContinuingOperations": "24206000", "comprehensiveIncomeNetOfTax": "17459000", "ebit": "24882000", "ebitda": "30189000", "netIncome": "24206000"}, {"fiscalDateEnding": "2018-03-31", "reportedCurrency": "USD", "grossProfit": "71495000", "totalRevenue": "129150000", "costOfRevenue": "57655000", "costofGoodsAndServicesSold": "57655000", "operatingIncome": "22037000", "sellingGeneralAndAdministrative": "27318000", "researchAndDevelopment": "21609000", "operatingExpenses": "49458000", "investmentIncomeNet": "None", "netInterestIncome": "None", "interestIncome": "None", "interestExpense": "-393000", "nonInterestIncome": "128751000", "otherNonOperatingIncome": "440000", "depreciation": "None", "depreciationAndAmortization": "2755000", "incomeBeforeTax": "22477000", "incomeTaxExpense": "621000", "interestAndDebtExpense": "None", "netIncomeFromContinuingOperations": "21856000", "comprehensiveIncomeNetOfTax": "25085000", "ebit": "22037000", "ebitda": "25232000", "netIncome": "21856000"}, {"fiscalDateEnding": "2017-12-31", "reportedCurrency": "USD", "grossProfit": "71161000", "totalRevenue": "129430000", "costOfRevenue": "58269000", "costofGoodsAndServicesSold": "58269000", "operatingIncome": "25053000", "sellingGeneralAndAdministrative": "24038000", "researchAndDevelopment": "21730000", "operatingExpenses": "46108000", "investmentIncomeNet": "None", "netInterestIncome": "None", "interestIncome": "None", "interestExpense": "4994000", "nonInterestIncome": "129430000", "otherNonOperatingIncome": "1647000", "depreciation": "None", "depreciationAndAmortization": "600000", "incomeBeforeTax": "26700000", "incomeTaxExpense": "14629000", "interestAndDebtExpense": "None", "netIncomeFromContinuingOperations": "12071000", "comprehensiveIncomeNetOfTax": "13542000", "ebit": "25053000", "ebitda": "25653000", "netIncome": "12071000"}, {"fiscalDateEnding": "2017-09-30", "reportedCurrency": "USD", "grossProfit": "70856000", "totalRevenue": "128939000", "costOfRevenue": "58083000", "costofGoodsAndServicesSold": "58083000", "operatingIncome": "23832000", "sellingGeneralAndAdministrative": "25255000", "researchAndDevelopment": "21442000", "operatingExpenses": "47024000", "investmentIncomeNet": "None", "netInterestIncome": "None", "interestIncome": "None", "interestExpense": "None", "nonInterestIncome": "-237000", "otherNonOperatingIncome": "1255000", "depreciation": "None", "depreciationAndAmortization": "500000", "incomeBeforeTax": "25087000", "incomeTaxExpense": "1445000", "interestAndDebtExpense": "None", "netIncomeFromContinuingOperations": "23642000", "comprehensiveIncomeNetOfTax": "25364000", "ebit": "23832000", "ebitda": "24332000", "netIncome": "23642000"}, {"fiscalDateEnding": "2017-06-30", "reportedCurrency": "USD", "grossProfit": "61425000", "totalRevenue": "112198000", "costOfRevenue": "50773000", "costofGoodsAndServicesSold": "50773000", "operatingIncome": "14970000", "sellingGeneralAndAdministrative": "25873000", "researchAndDevelopment": "20292000", "operatingExpenses": "46455000", "investmentIncomeNet": "None", "netInterestIncome": "None", "interestIncome": "None", "interestExpense": "None", "nonInterestIncome": "-125000", "otherNonOperatingIncome": "1237000", "depreciation": "None", "depreciationAndAmortization": "500000", "incomeBeforeTax": "16207000", "incomeTaxExpense": "1193000", "interestAndDebtExpense": "None", "netIncomeFromContinuingOperations": "15014000", "comprehensiveIncomeNetOfTax": "16341000", "ebit": "14970000", "ebitda": "15470000", "netIncome": "15014000"}, {"fiscalDateEnding": "2017-03-31", "reportedCurrency": "USD", "grossProfit": "54842000", "totalRevenue": "100362000", "costOfRevenue": "45520000", "costofGoodsAndServicesSold": "45520000", "operatingIncome": "13570000", "sellingGeneralAndAdministrative": "22092000", "researchAndDevelopment": "18894000", "operatingExpenses": "41272000", "investmentIncomeNet": "None", "netInterestIncome": "None", "interestIncome": "None", "interestExpense": "None", "nonInterestIncome": "-106000", "otherNonOperatingIncome": "1381000", "depreciation": "None", "depreciationAndAmortization": "500000", "incomeBeforeTax": "14951000", "incomeTaxExpense": "474000", "interestAndDebtExpense": "None", "netIncomeFromContinuingOperations": "14477000", "comprehensiveIncomeNetOfTax": "15985000", "ebit": "13570000", "ebitda": "14070000", "netIncome": "14477000"}, {"fiscalDateEnding": "2016-12-31", "reportedCurrency": "USD", "grossProfit": "56511000", "totalRevenue": "103618000", "costOfRevenue": "47107000", "costofGoodsAndServicesSold": "47106000", "operatingIncome": "17542000", "sellingGeneralAndAdministrative": "21316000", "researchAndDevelopment": "17974000", "operatingExpenses": "38969000", "investmentIncomeNet": "None", "netInterestIncome": "None", "interestIncome": "None", "interestExpense": "4994000", "nonInterestIncome": "66000", "otherNonOperatingIncome": "897000", "depreciation": "None", "depreciationAndAmortization": "600000", "incomeBeforeTax": "18439000", "incomeTaxExpense": "1866000", "interestAndDebtExpense": "None", "netIncomeFromContinuingOperations": "16573000", "comprehensiveIncomeNetOfTax": "12296000", "ebit": "17542000", "ebitda": "18142000", "netIncome": "16573000"}]}