{"symbol": "MRO", "annualReports": [{"fiscalDateEnding": "2020-12-31", "reportedCurrency": "USD", "grossProfit": "2163000000", "totalRevenue": "3086000000", "costOfRevenue": "923000000", "costofGoodsAndServicesSold": "3467000000", "operatingIncome": "-1180000000", "sellingGeneralAndAdministrative": "274000000", "researchAndDevelopment": "None", "operatingExpenses": "1116000000", "investmentIncomeNet": "5000000", "netInterestIncome": "-262000000", "interestIncome": "17000000", "interestExpense": "279000000", "nonInterestIncome": "3301000000", "otherNonOperatingIncome": "6000000", "depreciation": "None", "depreciationAndAmortization": "2316000000", "incomeBeforeTax": "-1465000000", "incomeTaxExpense": "-14000000", "interestAndDebtExpense": "307000000", "netIncomeFromContinuingOperations": "-1451000000", "comprehensiveIncomeNetOfTax": "-1483000000", "ebit": "-1180000000", "ebitda": "1130000000", "netIncome": "-1451000000"}, {"fiscalDateEnding": "2019-12-31", "reportedCurrency": "USD", "grossProfit": "4668000000", "totalRevenue": "5190000000", "costOfRevenue": "522000000", "costofGoodsAndServicesSold": "3714000000", "operatingIncome": "636000000", "sellingGeneralAndAdministrative": "356000000", "researchAndDevelopment": "None", "operatingExpenses": "621000000", "investmentIncomeNet": "25000000", "netInterestIncome": "-255000000", "interestIncome": "25000000", "interestExpense": "280000000", "nonInterestIncome": "4920000000", "otherNonOperatingIncome": "7000000", "depreciation": "None", "depreciationAndAmortization": "None", "incomeBeforeTax": "392000000", "incomeTaxExpense": "-88000000", "interestAndDebtExpense": "283000000", "netIncomeFromContinuingOperations": "480000000", "comprehensiveIncomeNetOfTax": "522000000", "ebit": "636000000", "ebitda": "672000000", "netIncome": "480000000"}, {"fiscalDateEnding": "2018-12-31", "reportedCurrency": "USD", "grossProfit": "4932000000", "totalRevenue": "6582000000", "costOfRevenue": "1650000000", "costofGoodsAndServicesSold": "842000000", "operatingIncome": "1667000000", "sellingGeneralAndAdministrative": "394000000", "researchAndDevelopment": "None", "operatingExpenses": "778000000", "investmentIncomeNet": "32000000", "netInterestIncome": "-248000000", "interestIncome": "32000000", "interestExpense": "280000000", "nonInterestIncome": "5883000000", "otherNonOperatingIncome": "13000000", "depreciation": "None", "depreciationAndAmortization": "None", "incomeBeforeTax": "1427000000", "incomeTaxExpense": "331000000", "interestAndDebtExpense": "280000000", "netIncomeFromContinuingOperations": "1096000000", "comprehensiveIncomeNetOfTax": "1221000000", "ebit": "1667000000", "ebitda": "1707000000", "netIncome": "1096000000"}, {"fiscalDateEnding": "2017-12-31", "reportedCurrency": "USD", "grossProfit": "2854000000", "totalRevenue": "4765000000", "costOfRevenue": "1911000000", "costofGoodsAndServicesSold": "874000000", "operatingIncome": "-114000000", "sellingGeneralAndAdministrative": "400000000", "researchAndDevelopment": "None", "operatingExpenses": "1819000000", "investmentIncomeNet": "34000000", "netInterestIncome": "-290000000", "interestIncome": "87000000", "interestExpense": "377000000", "nonInterestIncome": "26000000", "otherNonOperatingIncome": "12000000", "depreciation": "None", "depreciationAndAmortization": "None", "incomeBeforeTax": "-5347000000", "incomeTaxExpense": "376000000", "interestAndDebtExpense": "428000000", "netIncomeFromContinuingOperations": "-830000000", "comprehensiveIncomeNetOfTax": "-5702000000", "ebit": "-114000000", "ebitda": "-4970000000", "netIncome": "-5723000000"}, {"fiscalDateEnding": "2016-12-31", "reportedCurrency": "USD", "grossProfit": "2192000000", "totalRevenue": "3787000000", "costOfRevenue": "2458000000", "costofGoodsAndServicesSold": "1595000000", "operatingIncome": "-730000000", "sellingGeneralAndAdministrative": "484000000", "researchAndDevelopment": "None", "operatingExpenses": "804000000", "investmentIncomeNet": "14000000", "netInterestIncome": "-353000000", "interestIncome": "26000000", "interestExpense": "379000000", "nonInterestIncome": "328000000", "otherNonOperatingIncome": "15000000", "depreciation": "None", "depreciationAndAmortization": "None", "incomeBeforeTax": "-1217000000", "incomeTaxExpense": "923000000", "interestAndDebtExpense": "379000000", "netIncomeFromContinuingOperations": "-2087000000", "comprehensiveIncomeNetOfTax": "-2088000000", "ebit": "-730000000", "ebitda": "-856000000", "netIncome": "-2140000000"}], "quarterlyReports": [{"fiscalDateEnding": "2021-09-30", "reportedCurrency": "USD", "grossProfit": "1370000000", "totalRevenue": "1453000000", "costOfRevenue": "83000000", "costofGoodsAndServicesSold": "872000000", "operatingIncome": "347000000", "sellingGeneralAndAdministrative": "70000000", "researchAndDevelopment": "None", "operatingExpenses": "139000000", "investmentIncomeNet": "None", "netInterestIncome": "-57000000", "interestIncome": "-57000000", "interestExpense": "None", "nonInterestIncome": "1257000000", "otherNonOperatingIncome": "-102000000", "depreciation": "None", "depreciationAndAmortization": "522000000", "incomeBeforeTax": "188000000", "incomeTaxExpense": "4000000", "interestAndDebtExpense": "102000000", "netIncomeFromContinuingOperations": "184000000", "comprehensiveIncomeNetOfTax": "189000000", "ebit": "347000000", "ebitda": "710000000", "netIncome": "184000000"}, {"fiscalDateEnding": "2021-06-30", "reportedCurrency": "USD", "grossProfit": "1028000000", "totalRevenue": "1143000000", "costOfRevenue": "115000000", "costofGoodsAndServicesSold": "825000000", "operatingIncome": "105000000", "sellingGeneralAndAdministrative": "68000000", "researchAndDevelopment": "None", "operatingExpenses": "139000000", "investmentIncomeNet": "None", "netInterestIncome": "-59000000", "interestIncome": "-59000000", "interestExpense": "None", "nonInterestIncome": "1069000000", "otherNonOperatingIncome": "-19000000", "depreciation": "None", "depreciationAndAmortization": "532000000", "incomeBeforeTax": "26000000", "incomeTaxExpense": "10000000", "interestAndDebtExpense": "19000000", "netIncomeFromContinuingOperations": "16000000", "comprehensiveIncomeNetOfTax": "-19000000", "ebit": "105000000", "ebitda": "558000000", "netIncome": "16000000"}, {"fiscalDateEnding": "2021-03-31", "reportedCurrency": "USD", "grossProfit": "970000000", "totalRevenue": "1071000000", "costOfRevenue": "101000000", "costofGoodsAndServicesSold": "769000000", "operatingIncome": "117000000", "sellingGeneralAndAdministrative": "89000000", "researchAndDevelopment": "None", "operatingExpenses": "124000000", "investmentIncomeNet": "None", "netInterestIncome": "-13000000", "interestIncome": "-13000000", "interestExpense": "None", "nonInterestIncome": "1024000000", "otherNonOperatingIncome": "None", "depreciation": "None", "depreciationAndAmortization": "None", "incomeBeforeTax": "107000000", "incomeTaxExpense": "10000000", "interestAndDebtExpense": "0", "netIncomeFromContinuingOperations": "97000000", "comprehensiveIncomeNetOfTax": "136000000", "ebit": "117000000", "ebitda": "107000000", "netIncome": "97000000"}, {"fiscalDateEnding": "2020-12-31", "reportedCurrency": "USD", "grossProfit": "822000000", "totalRevenue": "830000000", "costOfRevenue": "585000000", "costofGoodsAndServicesSold": "822000000", "operatingIncome": "-250000000", "sellingGeneralAndAdministrative": "57000000", "researchAndDevelopment": "None", "operatingExpenses": "683000000", "investmentIncomeNet": "None", "netInterestIncome": "-79000000", "interestIncome": "-61000000", "interestExpense": "None", "nonInterestIncome": "822000000", "otherNonOperatingIncome": "-28000000", "depreciation": "None", "depreciationAndAmortization": "521000", "incomeBeforeTax": "-341000000", "incomeTaxExpense": "-3000000", "interestAndDebtExpense": "307000000", "netIncomeFromContinuingOperations": "-341000000", "comprehensiveIncomeNetOfTax": "-341000000", "ebit": "-250000000", "ebitda": "-340479000", "netIncome": "-338000000"}, {"fiscalDateEnding": "2020-09-30", "reportedCurrency": "USD", "grossProfit": "694000000", "totalRevenue": "754000000", "costOfRevenue": "60000000", "costofGoodsAndServicesSold": "866000000", "operatingIncome": "-242000000", "sellingGeneralAndAdministrative": "53000000", "researchAndDevelopment": "None", "operatingExpenses": "86000000", "investmentIncomeNet": "None", "netInterestIncome": "-62000000", "interestIncome": "-62000000", "interestExpense": "None", "nonInterestIncome": "760000000", "otherNonOperatingIncome": "None", "depreciation": "None", "depreciationAndAmortization": "1795000", "incomeBeforeTax": "-310000000", "incomeTaxExpense": "7000000", "interestAndDebtExpense": "0", "netIncomeFromContinuingOperations": "-317000000", "comprehensiveIncomeNetOfTax": "-297000000", "ebit": "-242000000", "ebitda": "-310000000", "netIncome": "-317000000"}, {"fiscalDateEnding": "2020-06-30", "reportedCurrency": "USD", "grossProfit": "191000000", "totalRevenue": "272000000", "costOfRevenue": "81000000", "costofGoodsAndServicesSold": "831000000", "operatingIncome": "-703000000", "sellingGeneralAndAdministrative": "88000000", "researchAndDevelopment": "None", "operatingExpenses": "109000000", "investmentIncomeNet": "None", "netInterestIncome": "-69000000", "interestIncome": "-69000000", "interestExpense": "None", "nonInterestIncome": "420000000", "otherNonOperatingIncome": "None", "depreciation": "None", "depreciationAndAmortization": "None", "incomeBeforeTax": "-765000000", "incomeTaxExpense": "-15000000", "interestAndDebtExpense": "0", "netIncomeFromContinuingOperations": "-750000000", "comprehensiveIncomeNetOfTax": "-796000000", "ebit": "-703000000", "ebitda": "-765000000", "netIncome": "-750000000"}, {"fiscalDateEnding": "2020-03-31", "reportedCurrency": "USD", "grossProfit": "937000000", "totalRevenue": "1230000000", "costOfRevenue": "293000000", "costofGoodsAndServicesSold": "948000000", "operatingIncome": "15000000", "sellingGeneralAndAdministrative": "76000000", "researchAndDevelopment": "None", "operatingExpenses": "320000000", "investmentIncomeNet": "None", "netInterestIncome": "-64000000", "interestIncome": "-64000000", "interestExpense": "None", "nonInterestIncome": "1428000000", "otherNonOperatingIncome": "None", "depreciation": "None", "depreciationAndAmortization": "None", "incomeBeforeTax": "-49000000", "incomeTaxExpense": "-3000000", "interestAndDebtExpense": "None", "netIncomeFromContinuingOperations": "-46000000", "comprehensiveIncomeNetOfTax": "-68000000", "ebit": "15000000", "ebitda": "-49000000", "netIncome": "-46000000"}, {"fiscalDateEnding": "2019-12-31", "reportedCurrency": "USD", "grossProfit": "1178000000", "totalRevenue": "1215000000", "costOfRevenue": "130000000", "costofGoodsAndServicesSold": "928000000", "operatingIncome": "73000000", "sellingGeneralAndAdministrative": "93000000", "researchAndDevelopment": "None", "operatingExpenses": "178000000", "investmentIncomeNet": "None", "netInterestIncome": "-78000000", "interestIncome": "-67000000", "interestExpense": "-103000000", "nonInterestIncome": "1178000000", "otherNonOperatingIncome": "-3000000", "depreciation": "None", "depreciationAndAmortization": "None", "incomeBeforeTax": "-3000000", "incomeTaxExpense": "17000000", "interestAndDebtExpense": "None", "netIncomeFromContinuingOperations": "-20000000", "comprehensiveIncomeNetOfTax": "-3000000", "ebit": "73000000", "ebitda": "-3000000", "netIncome": "-20000000"}, {"fiscalDateEnding": "2019-09-30", "reportedCurrency": "USD", "grossProfit": "1265000000", "totalRevenue": "1345000000", "costOfRevenue": "80000000", "costofGoodsAndServicesSold": "923000000", "operatingIncome": "237000000", "sellingGeneralAndAdministrative": "82000000", "researchAndDevelopment": "None", "operatingExpenses": "80000000", "investmentIncomeNet": "None", "netInterestIncome": "-64000000", "interestIncome": "-64000000", "interestExpense": "-64000000", "nonInterestIncome": "1296000000", "otherNonOperatingIncome": "None", "depreciation": "None", "depreciationAndAmortization": "None", "incomeBeforeTax": "175000000", "incomeTaxExpense": "10000000", "interestAndDebtExpense": "None", "netIncomeFromContinuingOperations": "165000000", "comprehensiveIncomeNetOfTax": "227000000", "ebit": "237000000", "ebitda": "175000000", "netIncome": "165000000"}, {"fiscalDateEnding": "2019-06-30", "reportedCurrency": "USD", "grossProfit": "1330000000", "totalRevenue": "1433000000", "costOfRevenue": "103000000", "costofGoodsAndServicesSold": "968000000", "operatingIncome": "255000000", "sellingGeneralAndAdministrative": "87000000", "researchAndDevelopment": "None", "operatingExpenses": "137000000", "investmentIncomeNet": "None", "netInterestIncome": "-64000000", "interestIncome": "-64000000", "interestExpense": "-64000000", "nonInterestIncome": "1397000000", "otherNonOperatingIncome": "None", "depreciation": "None", "depreciationAndAmortization": "None", "incomeBeforeTax": "193000000", "incomeTaxExpense": "32000000", "interestAndDebtExpense": "None", "netIncomeFromContinuingOperations": "161000000", "comprehensiveIncomeNetOfTax": "152000000", "ebit": "255000000", "ebitda": "193000000", "netIncome": "161000000"}, {"fiscalDateEnding": "2019-03-31", "reportedCurrency": "USD", "grossProfit": "853000000", "totalRevenue": "1197000000", "costOfRevenue": "344000000", "costofGoodsAndServicesSold": "187000000", "operatingIncome": "71000000", "sellingGeneralAndAdministrative": "94000000", "researchAndDevelopment": "None", "operatingExpenses": "174000000", "investmentIncomeNet": "None", "netInterestIncome": "-49000000", "interestIncome": "-49000000", "interestExpense": "-49000000", "nonInterestIncome": "1018000000", "otherNonOperatingIncome": "None", "depreciation": "None", "depreciationAndAmortization": "None", "incomeBeforeTax": "27000000", "incomeTaxExpense": "-147000000", "interestAndDebtExpense": "None", "netIncomeFromContinuingOperations": "174000000", "comprehensiveIncomeNetOfTax": "170000000", "ebit": "71000000", "ebitda": "27000000", "netIncome": "174000000"}, {"fiscalDateEnding": "2018-12-31", "reportedCurrency": "USD", "grossProfit": "679000000", "totalRevenue": "1765000000", "costOfRevenue": "1086000000", "costofGoodsAndServicesSold": "985000000", "operatingIncome": "467000000", "sellingGeneralAndAdministrative": "88000000", "researchAndDevelopment": "None", "operatingExpenses": "364000000", "investmentIncomeNet": "None", "netInterestIncome": "None", "interestIncome": "None", "interestExpense": "-112000000", "nonInterestIncome": "2009000000", "otherNonOperatingIncome": "None", "depreciation": "None", "depreciationAndAmortization": "None", "incomeBeforeTax": "406000000", "incomeTaxExpense": "16000000", "interestAndDebtExpense": "280000000", "netIncomeFromContinuingOperations": "390000000", "comprehensiveIncomeNetOfTax": "474000000", "ebit": "467000000", "ebitda": "406000000", "netIncome": "390000000"}, {"fiscalDateEnding": "2018-09-30", "reportedCurrency": "USD", "grossProfit": "1550000000", "totalRevenue": "1667000000", "costOfRevenue": "117000000", "costofGoodsAndServicesSold": "993000000", "operatingIncome": "423000000", "sellingGeneralAndAdministrative": "101000000", "researchAndDevelopment": "None", "operatingExpenses": "157000000", "investmentIncomeNet": "None", "netInterestIncome": "None", "interestIncome": "None", "interestExpense": "-58000000", "nonInterestIncome": "1468000000", "otherNonOperatingIncome": "None", "depreciation": "None", "depreciationAndAmortization": "None", "incomeBeforeTax": "357000000", "incomeTaxExpense": "103000000", "interestAndDebtExpense": "0", "netIncomeFromContinuingOperations": "254000000", "comprehensiveIncomeNetOfTax": "274000000", "ebit": "423000000", "ebitda": "357000000", "netIncome": "254000000"}, {"fiscalDateEnding": "2018-06-30", "reportedCurrency": "USD", "grossProfit": "1073000000", "totalRevenue": "1417000000", "costOfRevenue": "344000000", "costofGoodsAndServicesSold": "205000000", "operatingIncome": "205000000", "sellingGeneralAndAdministrative": "105000000", "researchAndDevelopment": "None", "operatingExpenses": "280000000", "investmentIncomeNet": "None", "netInterestIncome": "None", "interestIncome": "None", "interestExpense": "-65000000", "nonInterestIncome": "-102000000", "otherNonOperatingIncome": "None", "depreciation": "None", "depreciationAndAmortization": "None", "incomeBeforeTax": "140000000", "incomeTaxExpense": "44000000", "interestAndDebtExpense": "None", "netIncomeFromContinuingOperations": "96000000", "comprehensiveIncomeNetOfTax": "113000000", "ebit": "205000000", "ebitda": "140000000", "netIncome": "96000000"}, {"fiscalDateEnding": "2018-03-31", "reportedCurrency": "USD", "grossProfit": "1363000000", "totalRevenue": "1733000000", "costOfRevenue": "370000000", "costofGoodsAndServicesSold": "217000000", "operatingIncome": "572000000", "sellingGeneralAndAdministrative": "100000000", "researchAndDevelopment": "None", "operatingExpenses": "78000000", "investmentIncomeNet": "None", "netInterestIncome": "None", "interestIncome": "None", "interestExpense": "-45000000", "nonInterestIncome": "53000000", "otherNonOperatingIncome": "None", "depreciation": "None", "depreciationAndAmortization": "None", "incomeBeforeTax": "524000000", "incomeTaxExpense": "168000000", "interestAndDebtExpense": "None", "netIncomeFromContinuingOperations": "356000000", "comprehensiveIncomeNetOfTax": "360000000", "ebit": "572000000", "ebitda": "524000000", "netIncome": "356000000"}, {"fiscalDateEnding": "2017-12-31", "reportedCurrency": "USD", "grossProfit": "976000000", "totalRevenue": "1382000000", "costOfRevenue": "406000000", "costofGoodsAndServicesSold": "232000000", "operatingIncome": "211000000", "sellingGeneralAndAdministrative": "101000000", "researchAndDevelopment": "None", "operatingExpenses": "630000000", "investmentIncomeNet": "None", "netInterestIncome": "None", "interestIncome": "None", "interestExpense": "-324000000", "nonInterestIncome": "-116000000", "otherNonOperatingIncome": "-5000000", "depreciation": "None", "depreciationAndAmortization": "None", "incomeBeforeTax": "132000000", "incomeTaxExpense": "160000000", "interestAndDebtExpense": "382000000", "netIncomeFromContinuingOperations": "-28000000", "comprehensiveIncomeNetOfTax": "-36000000", "ebit": "211000000", "ebitda": "132000000", "netIncome": "-28000000"}, {"fiscalDateEnding": "2017-09-30", "reportedCurrency": "USD", "grossProfit": "711000000", "totalRevenue": "1252000000", "costOfRevenue": "541000000", "costofGoodsAndServicesSold": "243000000", "operatingIncome": "-372000000", "sellingGeneralAndAdministrative": "97000000", "researchAndDevelopment": "None", "operatingExpenses": "573000000", "investmentIncomeNet": "None", "netInterestIncome": "None", "interestIncome": "None", "interestExpense": "None", "nonInterestIncome": "-27000000", "otherNonOperatingIncome": "-46000000", "depreciation": "None", "depreciationAndAmortization": "None", "incomeBeforeTax": "-458000000", "incomeTaxExpense": "141000000", "interestAndDebtExpense": "46000000", "netIncomeFromContinuingOperations": "-599000000", "comprehensiveIncomeNetOfTax": "-599000000", "ebit": "-372000000", "ebitda": "-458000000", "netIncome": "-599000000"}, {"fiscalDateEnding": "2017-06-30", "reportedCurrency": "USD", "grossProfit": "752000000", "totalRevenue": "1059000000", "costOfRevenue": "307000000", "costofGoodsAndServicesSold": "214000000", "operatingIncome": "-25000000", "sellingGeneralAndAdministrative": "93000000", "researchAndDevelopment": "None", "operatingExpenses": "117000000", "investmentIncomeNet": "None", "netInterestIncome": "None", "interestIncome": "None", "interestExpense": "None", "nonInterestIncome": "6000000", "otherNonOperatingIncome": "None", "depreciation": "None", "depreciationAndAmortization": "None", "incomeBeforeTax": "-98000000", "incomeTaxExpense": "41000000", "interestAndDebtExpense": "None", "netIncomeFromContinuingOperations": "-153000000", "comprehensiveIncomeNetOfTax": "-145000000", "ebit": "-25000000", "ebitda": "-98000000", "netIncome": "-139000000"}, {"fiscalDateEnding": "2017-03-31", "reportedCurrency": "USD", "grossProfit": "754000000", "totalRevenue": "1072000000", "costOfRevenue": "318000000", "costofGoodsAndServicesSold": "185000000", "operatingIncome": "72000000", "sellingGeneralAndAdministrative": "109000000", "researchAndDevelopment": "None", "operatingExpenses": "160000000", "investmentIncomeNet": "None", "netInterestIncome": "None", "interestIncome": "None", "interestExpense": "None", "nonInterestIncome": "78000000", "otherNonOperatingIncome": "None", "depreciation": "None", "depreciationAndAmortization": "None", "incomeBeforeTax": "-4923000000", "incomeTaxExpense": "34000000", "interestAndDebtExpense": "None", "netIncomeFromContinuingOperations": "-50000000", "comprehensiveIncomeNetOfTax": "-4922000000", "ebit": "72000000", "ebitda": "-4923000000", "netIncome": "-4957000000"}, {"fiscalDateEnding": "2016-12-31", "reportedCurrency": "USD", "grossProfit": "769000000", "totalRevenue": "1124000000", "costOfRevenue": "620000000", "costofGoodsAndServicesSold": "396000000", "operatingIncome": "132000000", "sellingGeneralAndAdministrative": "96000000", "researchAndDevelopment": "None", "operatingExpenses": "150000000", "investmentIncomeNet": "None", "netInterestIncome": "None", "interestIncome": "None", "interestExpense": "-367000000", "nonInterestIncome": "95000000", "otherNonOperatingIncome": "None", "depreciation": "None", "depreciationAndAmortization": "None", "incomeBeforeTax": "-34000000", "incomeTaxExpense": "1337000000", "interestAndDebtExpense": "379000000", "netIncomeFromContinuingOperations": "-1383000000", "comprehensiveIncomeNetOfTax": "-1317000000", "ebit": "132000000", "ebitda": "-24000000", "netIncome": "-1371000000"}]}