{"symbol": "MS", "annualReports": [{"fiscalDateEnding": "2020-12-31", "reportedCurrency": "USD", "grossProfit": "18156000000", "totalRevenue": "52047000000", "costOfRevenue": "34339000000", "costofGoodsAndServicesSold": "6778000000", "operatingIncome": "3147000000", "sellingGeneralAndAdministrative": "7975000000", "researchAndDevelopment": "None", "operatingExpenses": "15009000000", "investmentIncomeNet": "None", "netInterestIncome": "6313000000", "interestIncome": "10162000000", "interestExpense": "3849000000", "nonInterestIncome": "41885000000", "otherNonOperatingIncome": "None", "depreciation": "None", "depreciationAndAmortization": "3769000000", "incomeBeforeTax": "14235000000", "incomeTaxExpense": "3239000000", "interestAndDebtExpense": "3849000000", "netIncomeFromContinuingOperations": "11179000000", "comprehensiveIncomeNetOfTax": "11822000000", "ebit": "18084000000", "ebitda": "21853000000", "netIncome": "10996000000"}, {"fiscalDateEnding": "2019-12-31", "reportedCurrency": "USD", "grossProfit": "14986000000", "totalRevenue": "53823000000", "costOfRevenue": "30238000000", "costofGoodsAndServicesSold": "14897000000", "operatingIncome": "2057000000", "sellingGeneralAndAdministrative": "7572000000", "researchAndDevelopment": "None", "operatingExpenses": "12929000000", "investmentIncomeNet": "None", "netInterestIncome": "4694000000", "interestIncome": "17098000000", "interestExpense": "12404000000", "nonInterestIncome": "36725000000", "otherNonOperatingIncome": "None", "depreciation": "None", "depreciationAndAmortization": "2643000000", "incomeBeforeTax": "11106000000", "incomeTaxExpense": "2064000000", "interestAndDebtExpense": "12404000000", "netIncomeFromContinuingOperations": "9237000000", "comprehensiveIncomeNetOfTax": "8546000000", "ebit": "23510000000", "ebitda": "26153000000", "netIncome": "9042000000"}, {"fiscalDateEnding": "2018-12-31", "reportedCurrency": "USD", "grossProfit": "11285000000", "totalRevenue": "50193000000", "costOfRevenue": "28846000000", "costofGoodsAndServicesSold": "12479000000", "operatingIncome": "-17153000000", "sellingGeneralAndAdministrative": "23995000000", "researchAndDevelopment": "None", "operatingExpenses": "28438000000", "investmentIncomeNet": "None", "netInterestIncome": "3806000000", "interestIncome": "13892000000", "interestExpense": "10086000000", "nonInterestIncome": "36301000000", "otherNonOperatingIncome": "None", "depreciation": "None", "depreciationAndAmortization": "1844000000", "incomeBeforeTax": "11098000000", "incomeTaxExpense": "2350000000", "interestAndDebtExpense": "10086000000", "netIncomeFromContinuingOperations": "8887000000", "comprehensiveIncomeNetOfTax": "9953000000", "ebit": "21184000000", "ebitda": "23028000000", "netIncome": "8748000000"}, {"fiscalDateEnding": "2017-12-31", "reportedCurrency": "USD", "grossProfit": "10359000000", "totalRevenue": "43642000000", "costOfRevenue": "27564000000", "costofGoodsAndServicesSold": "7790000000", "operatingIncome": "-17688000000", "sellingGeneralAndAdministrative": "23768000000", "researchAndDevelopment": "None", "operatingExpenses": "28047000000", "investmentIncomeNet": "None", "netInterestIncome": "3300000000", "interestIncome": "8997000000", "interestExpense": "5697000000", "nonInterestIncome": "34645000000", "otherNonOperatingIncome": "None", "depreciation": "None", "depreciationAndAmortization": "1753000000", "incomeBeforeTax": "10279000000", "incomeTaxExpense": "4168000000", "interestAndDebtExpense": "5697000000", "netIncomeFromContinuingOperations": "6235000000", "comprehensiveIncomeNetOfTax": "5694000000", "ebit": "15976000000", "ebitda": "17729000000", "netIncome": "6111000000"}, {"fiscalDateEnding": "2016-12-31", "reportedCurrency": "USD", "grossProfit": "9809000000", "totalRevenue": "37949000000", "costOfRevenue": "25914000000", "costofGoodsAndServicesSold": "None", "operatingIncome": "-16617000000", "sellingGeneralAndAdministrative": "22377000000", "researchAndDevelopment": "None", "operatingExpenses": "26426000000", "investmentIncomeNet": "None", "netInterestIncome": "3698000000", "interestIncome": "7016000000", "interestExpense": "3318000000", "nonInterestIncome": "30933000000", "otherNonOperatingIncome": "None", "depreciation": "None", "depreciationAndAmortization": "1736000000", "incomeBeforeTax": "8705000000", "incomeTaxExpense": "2726000000", "interestAndDebtExpense": "3318000000", "netIncomeFromContinuingOperations": "6122000000", "comprehensiveIncomeNetOfTax": "5304000000", "ebit": "12023000000", "ebitda": "13759000000", "netIncome": "5979000000"}], "quarterlyReports": [{"fiscalDateEnding": "2021-09-30", "reportedCurrency": "USD", "grossProfit": "6168000000", "totalRevenue": "15041000000", "costOfRevenue": "9860000000", "costofGoodsAndServicesSold": "1113000000", "operatingIncome": "3248000000", "sellingGeneralAndAdministrative": "2095000000", "researchAndDevelopment": "None", "operatingExpenses": "2920000000", "investmentIncomeNet": "None", "netInterestIncome": "2063000000", "interestIncome": "2351000000", "interestExpense": "288000000", "nonInterestIncome": "12690000000", "otherNonOperatingIncome": "None", "depreciation": "None", "depreciationAndAmortization": "1035000000", "incomeBeforeTax": "4857000000", "incomeTaxExpense": "1150000000", "interestAndDebtExpense": "288000000", "netIncomeFromContinuingOperations": "3724000000", "comprehensiveIncomeNetOfTax": "3529000000", "ebit": "5145000000", "ebitda": "6180000000", "netIncome": "3707000000"}, {"fiscalDateEnding": "2021-06-30", "reportedCurrency": "USD", "grossProfit": "5915000000", "totalRevenue": "15106000000", "costOfRevenue": "10136000000", "costofGoodsAndServicesSold": "1142000000", "operatingIncome": "3049000000", "sellingGeneralAndAdministrative": "2071000000", "researchAndDevelopment": "None", "operatingExpenses": "2866000000", "investmentIncomeNet": "None", "netInterestIncome": "1865000000", "interestIncome": "2212000000", "interestExpense": "347000000", "nonInterestIncome": "12894000000", "otherNonOperatingIncome": "None", "depreciation": "None", "depreciationAndAmortization": "1057000000", "incomeBeforeTax": "4565000000", "incomeTaxExpense": "1054000000", "interestAndDebtExpense": "347000000", "netIncomeFromContinuingOperations": "3512000000", "comprehensiveIncomeNetOfTax": "3742000000", "ebit": "4912000000", "ebitda": "5969000000", "netIncome": "3511000000"}, {"fiscalDateEnding": "2021-03-31", "reportedCurrency": "USD", "grossProfit": "6988000000", "totalRevenue": "16128000000", "costOfRevenue": "10415000000", "costofGoodsAndServicesSold": "1319000000", "operatingIncome": "3283000000", "sellingGeneralAndAdministrative": "1908000000", "researchAndDevelopment": "None", "operatingExpenses": "3705000000", "investmentIncomeNet": "None", "netInterestIncome": "2028000000", "interestIncome": "2437000000", "interestExpense": "409000000", "nonInterestIncome": "13691000000", "otherNonOperatingIncome": "None", "depreciation": "None", "depreciationAndAmortization": "887000000", "incomeBeforeTax": "5296000000", "incomeTaxExpense": "1176000000", "interestAndDebtExpense": "409000000", "netIncomeFromContinuingOperations": "4168000000", "comprehensiveIncomeNetOfTax": "3328000000", "ebit": "5705000000", "ebitda": "6592000000", "netIncome": "4120000000"}, {"fiscalDateEnding": "2020-12-31", "reportedCurrency": "USD", "grossProfit": "4430000000", "totalRevenue": "14014000000", "costOfRevenue": "9210000000", "costofGoodsAndServicesSold": "1150000000", "operatingIncome": "4430000000", "sellingGeneralAndAdministrative": "3305000000", "researchAndDevelopment": "None", "operatingExpenses": "5823000000", "investmentIncomeNet": "None", "netInterestIncome": "1871000000", "interestIncome": "2245000000", "interestExpense": "374000000", "nonInterestIncome": "11769000000", "otherNonOperatingIncome": "None", "depreciation": "None", "depreciationAndAmortization": "1406000000", "incomeBeforeTax": "4403000000", "incomeTaxExpense": "1018000000", "interestAndDebtExpense": "374000000", "netIncomeFromContinuingOperations": "3412000000", "comprehensiveIncomeNetOfTax": "1960000000", "ebit": "4777000000", "ebitda": "6183000000", "netIncome": "3385000000"}, {"fiscalDateEnding": "2020-09-30", "reportedCurrency": "USD", "grossProfit": "4398000000", "totalRevenue": "12227000000", "costOfRevenue": "8233000000", "costofGoodsAndServicesSold": "1267000000", "operatingIncome": "2092000000", "sellingGeneralAndAdministrative": "1609000000", "researchAndDevelopment": "None", "operatingExpenses": "2306000000", "investmentIncomeNet": "None", "netInterestIncome": "1486000000", "interestIncome": "2056000000", "interestExpense": "570000000", "nonInterestIncome": "10235000000", "otherNonOperatingIncome": "None", "depreciation": "None", "depreciationAndAmortization": "853000000", "incomeBeforeTax": "3453000000", "incomeTaxExpense": "736000000", "interestAndDebtExpense": "570000000", "netIncomeFromContinuingOperations": "2751000000", "comprehensiveIncomeNetOfTax": "2179000000", "ebit": "4023000000", "ebitda": "4876000000", "netIncome": "2717000000"}, {"fiscalDateEnding": "2020-06-30", "reportedCurrency": "USD", "grossProfit": "4965000000", "totalRevenue": "14172000000", "costOfRevenue": "9305000000", "costofGoodsAndServicesSold": "1474000000", "operatingIncome": "2697000000", "sellingGeneralAndAdministrative": "1552000000", "researchAndDevelopment": "None", "operatingExpenses": "2268000000", "investmentIncomeNet": "None", "netInterestIncome": "1600000000", "interestIncome": "2358000000", "interestExpense": "758000000", "nonInterestIncome": "12060000000", "otherNonOperatingIncome": "None", "depreciation": "None", "depreciationAndAmortization": "686000000", "incomeBeforeTax": "4315000000", "incomeTaxExpense": "1119000000", "interestAndDebtExpense": "758000000", "netIncomeFromContinuingOperations": "3236000000", "comprehensiveIncomeNetOfTax": "1102000000", "ebit": "5073000000", "ebitda": "5759000000", "netIncome": "3196000000"}, {"fiscalDateEnding": "2020-03-31", "reportedCurrency": "USD", "grossProfit": "2922000000", "totalRevenue": "11926000000", "costOfRevenue": "7633000000", "costofGoodsAndServicesSold": "2887000000", "operatingIncome": "-151000000", "sellingGeneralAndAdministrative": "1509000000", "researchAndDevelopment": "None", "operatingExpenses": "3073000000", "investmentIncomeNet": "None", "netInterestIncome": "1356000000", "interestIncome": "3503000000", "interestExpense": "2147000000", "nonInterestIncome": "8423000000", "otherNonOperatingIncome": "None", "depreciation": "None", "depreciationAndAmortization": "824000000", "incomeBeforeTax": "2064000000", "incomeTaxExpense": "366000000", "interestAndDebtExpense": "2147000000", "netIncomeFromContinuingOperations": "1780000000", "comprehensiveIncomeNetOfTax": "6581000000", "ebit": "4211000000", "ebitda": "5035000000", "netIncome": "1698000000"}, {"fiscalDateEnding": "2019-12-31", "reportedCurrency": "USD", "grossProfit": "2733000000", "totalRevenue": "13376000000", "costOfRevenue": "8124000000", "costofGoodsAndServicesSold": "3152000000", "operatingIncome": "2561000000", "sellingGeneralAndAdministrative": "2850000000", "researchAndDevelopment": "None", "operatingExpenses": "172000000", "investmentIncomeNet": "None", "netInterestIncome": "1433000000", "interestIncome": "3952000000", "interestExpense": "2519000000", "nonInterestIncome": "9424000000", "otherNonOperatingIncome": "None", "depreciation": "None", "depreciationAndAmortization": "656000000", "incomeBeforeTax": "2667000000", "incomeTaxExpense": "428000000", "interestAndDebtExpense": "2519000000", "netIncomeFromContinuingOperations": "2305000000", "comprehensiveIncomeNetOfTax": "1049000000", "ebit": "5186000000", "ebitda": "5842000000", "netIncome": "2239000000"}, {"fiscalDateEnding": "2019-09-30", "reportedCurrency": "USD", "grossProfit": "3633000000", "totalRevenue": "13164000000", "costOfRevenue": "7356000000", "costofGoodsAndServicesSold": "3769000000", "operatingIncome": "1398000000", "sellingGeneralAndAdministrative": "1598000000", "researchAndDevelopment": "None", "operatingExpenses": "2235000000", "investmentIncomeNet": "None", "netInterestIncome": "1218000000", "interestIncome": "4350000000", "interestExpense": "3132000000", "nonInterestIncome": "8814000000", "otherNonOperatingIncome": "None", "depreciation": "None", "depreciationAndAmortization": "654000000", "incomeBeforeTax": "2665000000", "incomeTaxExpense": "492000000", "interestAndDebtExpense": "3132000000", "netIncomeFromContinuingOperations": "2218000000", "comprehensiveIncomeNetOfTax": "2626000000", "ebit": "5797000000", "ebitda": "6451000000", "netIncome": "2173000000"}, {"fiscalDateEnding": "2019-06-30", "reportedCurrency": "USD", "grossProfit": "3869000000", "totalRevenue": "13721000000", "costOfRevenue": "7348000000", "costofGoodsAndServicesSold": "4107000000", "operatingIncome": "1649000000", "sellingGeneralAndAdministrative": "1590000000", "researchAndDevelopment": "None", "operatingExpenses": "2220000000", "investmentIncomeNet": "None", "netInterestIncome": "1029000000", "interestIncome": "4506000000", "interestExpense": "3477000000", "nonInterestIncome": "9215000000", "otherNonOperatingIncome": "None", "depreciation": "None", "depreciationAndAmortization": "675000000", "incomeBeforeTax": "2858000000", "incomeTaxExpense": "657000000", "interestAndDebtExpense": "3477000000", "netIncomeFromContinuingOperations": "2246000000", "comprehensiveIncomeNetOfTax": "2623000000", "ebit": "6335000000", "ebitda": "7010000000", "netIncome": "2201000000"}, {"fiscalDateEnding": "2019-03-31", "reportedCurrency": "USD", "grossProfit": "2901000000", "totalRevenue": "13562000000", "costOfRevenue": "7358000000", "costofGoodsAndServicesSold": "1125000000", "operatingIncome": "-4535000000", "sellingGeneralAndAdministrative": "6185000000", "researchAndDevelopment": "None", "operatingExpenses": "7436000000", "investmentIncomeNet": "None", "netInterestIncome": "1014000000", "interestIncome": "4290000000", "interestExpense": "3276000000", "nonInterestIncome": "9272000000", "otherNonOperatingIncome": "None", "depreciation": "None", "depreciationAndAmortization": "658000000", "incomeBeforeTax": "2916000000", "incomeTaxExpense": "487000000", "interestAndDebtExpense": "3276000000", "netIncomeFromContinuingOperations": "2468000000", "comprehensiveIncomeNetOfTax": "2248000000", "ebit": "6192000000", "ebitda": "6850000000", "netIncome": "2429000000"}, {"fiscalDateEnding": "2018-12-31", "reportedCurrency": "USD", "grossProfit": "1857000000", "totalRevenue": "11670000000", "costOfRevenue": "6691000000", "costofGoodsAndServicesSold": "1127000000", "operatingIncome": "1857000000", "sellingGeneralAndAdministrative": "5499000000", "researchAndDevelopment": "None", "operatingExpenses": "6772000000", "investmentIncomeNet": "None", "netInterestIncome": "989000000", "interestIncome": "4111000000", "interestExpense": "3122000000", "nonInterestIncome": "7559000000", "otherNonOperatingIncome": "None", "depreciation": "None", "depreciationAndAmortization": "469000000", "incomeBeforeTax": "1831000000", "incomeTaxExpense": "300000000", "interestAndDebtExpense": "3122000000", "netIncomeFromContinuingOperations": "1557000000", "comprehensiveIncomeNetOfTax": "3238000000", "ebit": "4953000000", "ebitda": "5422000000", "netIncome": "1531000000"}, {"fiscalDateEnding": "2018-09-30", "reportedCurrency": "USD", "grossProfit": "2849000000", "totalRevenue": "12563000000", "costOfRevenue": "7022000000", "costofGoodsAndServicesSold": "1072000000", "operatingIncome": "-3606000000", "sellingGeneralAndAdministrative": "5896000000", "researchAndDevelopment": "None", "operatingExpenses": "6455000000", "investmentIncomeNet": "None", "netInterestIncome": "936000000", "interestIncome": "3627000000", "interestExpense": "2691000000", "nonInterestIncome": "8936000000", "otherNonOperatingIncome": "None", "depreciation": "None", "depreciationAndAmortization": "468000000", "incomeBeforeTax": "2808000000", "incomeTaxExpense": "696000000", "interestAndDebtExpense": "2691000000", "netIncomeFromContinuingOperations": "2155000000", "comprehensiveIncomeNetOfTax": "1183000000", "ebit": "5499000000", "ebitda": "5967000000", "netIncome": "2112000000"}, {"fiscalDateEnding": "2018-06-30", "reportedCurrency": "USD", "grossProfit": "3215000000", "totalRevenue": "12998000000", "costOfRevenue": "7448000000", "costofGoodsAndServicesSold": "1105000000", "operatingIncome": "-3616000000", "sellingGeneralAndAdministrative": "6222000000", "researchAndDevelopment": "None", "operatingExpenses": "6831000000", "investmentIncomeNet": "None", "netInterestIncome": "906000000", "interestIncome": "3294000000", "interestExpense": "2388000000", "nonInterestIncome": "9704000000", "otherNonOperatingIncome": "None", "depreciation": "None", "depreciationAndAmortization": "517000000", "incomeBeforeTax": "3077000000", "incomeTaxExpense": "640000000", "interestAndDebtExpense": "2388000000", "netIncomeFromContinuingOperations": "2469000000", "comprehensiveIncomeNetOfTax": "2773000000", "ebit": "5465000000", "ebitda": "5982000000", "netIncome": "2437000000"}, {"fiscalDateEnding": "2018-03-31", "reportedCurrency": "USD", "grossProfit": "3382000000", "totalRevenue": "12962000000", "costOfRevenue": "7676000000", "costofGoodsAndServicesSold": "7426000000", "operatingIncome": "-4021000000", "sellingGeneralAndAdministrative": "6378000000", "researchAndDevelopment": "None", "operatingExpenses": "7403000000", "investmentIncomeNet": "None", "netInterestIncome": "975000000", "interestIncome": "2860000000", "interestExpense": "1885000000", "nonInterestIncome": "10102000000", "otherNonOperatingIncome": "None", "depreciation": "None", "depreciationAndAmortization": "390000000", "incomeBeforeTax": "3382000000", "incomeTaxExpense": "714000000", "interestAndDebtExpense": "1885000000", "netIncomeFromContinuingOperations": "2706000000", "comprehensiveIncomeNetOfTax": "2759000000", "ebit": "5267000000", "ebitda": "5657000000", "netIncome": "2668000000"}, {"fiscalDateEnding": "2017-12-31", "reportedCurrency": "USD", "grossProfit": "2471000000", "totalRevenue": "11091000000", "costOfRevenue": "7029000000", "costofGoodsAndServicesSold": "6715000000", "operatingIncome": "2471000000", "sellingGeneralAndAdministrative": "6530000000", "researchAndDevelopment": "None", "operatingExpenses": "7900000000", "investmentIncomeNet": "None", "netInterestIncome": "995000000", "interestIncome": "2586000000", "interestExpense": "1591000000", "nonInterestIncome": "8505000000", "otherNonOperatingIncome": "None", "depreciation": "None", "depreciationAndAmortization": "413000000", "incomeBeforeTax": "2453000000", "incomeTaxExpense": "1810000000", "interestAndDebtExpense": "1591000000", "netIncomeFromContinuingOperations": "661000000", "comprehensiveIncomeNetOfTax": "127000000", "ebit": "4044000000", "ebitda": "4457000000", "netIncome": "643000000"}, {"fiscalDateEnding": "2017-09-30", "reportedCurrency": "USD", "grossProfit": "2456000000", "totalRevenue": "10754000000", "costOfRevenue": "6728000000", "costofGoodsAndServicesSold": "6327000000", "operatingIncome": "-3686000000", "sellingGeneralAndAdministrative": "5620000000", "researchAndDevelopment": "None", "operatingExpenses": "6142000000", "investmentIncomeNet": "None", "netInterestIncome": "783000000", "interestIncome": "2340000000", "interestExpense": "1557000000", "nonInterestIncome": "8414000000", "otherNonOperatingIncome": "None", "depreciation": "None", "depreciationAndAmortization": "451000000", "incomeBeforeTax": "2478000000", "incomeTaxExpense": "697000000", "interestAndDebtExpense": "1557000000", "netIncomeFromContinuingOperations": "1785000000", "comprehensiveIncomeNetOfTax": "1725000000", "ebit": "4035000000", "ebitda": "4486000000", "netIncome": "1781000000"}, {"fiscalDateEnding": "2017-06-30", "reportedCurrency": "USD", "grossProfit": "3045000000", "totalRevenue": "10858000000", "costOfRevenue": "6868000000", "costofGoodsAndServicesSold": "6420000000", "operatingIncome": "-3214000000", "sellingGeneralAndAdministrative": "5734000000", "researchAndDevelopment": "None", "operatingExpenses": "6259000000", "investmentIncomeNet": "None", "netInterestIncome": "751000000", "interestIncome": "2106000000", "interestExpense": "1355000000", "nonInterestIncome": "8752000000", "otherNonOperatingIncome": "None", "depreciation": "None", "depreciationAndAmortization": "455000000", "incomeBeforeTax": "2603000000", "incomeTaxExpense": "846000000", "interestAndDebtExpense": "1355000000", "netIncomeFromContinuingOperations": "1796000000", "comprehensiveIncomeNetOfTax": "1719000000", "ebit": "3958000000", "ebitda": "4413000000", "netIncome": "1757000000"}, {"fiscalDateEnding": "2017-03-31", "reportedCurrency": "USD", "grossProfit": "3155000000", "totalRevenue": "10939000000", "costOfRevenue": "6959000000", "costofGoodsAndServicesSold": "6514000000", "operatingIncome": "-3677000000", "sellingGeneralAndAdministrative": "5884000000", "researchAndDevelopment": "None", "operatingExpenses": "6832000000", "investmentIncomeNet": "None", "netInterestIncome": "771000000", "interestIncome": "1965000000", "interestExpense": "1194000000", "nonInterestIncome": "8974000000", "otherNonOperatingIncome": "None", "depreciation": "None", "depreciationAndAmortization": "434000000", "incomeBeforeTax": "2745000000", "incomeTaxExpense": "815000000", "interestAndDebtExpense": "1194000000", "netIncomeFromContinuingOperations": "1993000000", "comprehensiveIncomeNetOfTax": "2123000000", "ebit": "3939000000", "ebitda": "4373000000", "netIncome": "1930000000"}, {"fiscalDateEnding": "2016-12-31", "reportedCurrency": "USD", "grossProfit": "2246000000", "totalRevenue": "10006000000", "costOfRevenue": "6775000000", "costofGoodsAndServicesSold": "6431000000", "operatingIncome": "2246000000", "sellingGeneralAndAdministrative": "6290000000", "researchAndDevelopment": "None", "operatingExpenses": "7440000000", "investmentIncomeNet": "None", "netInterestIncome": "883000000", "interestIncome": "1868000000", "interestExpense": "985000000", "nonInterestIncome": "8138000000", "otherNonOperatingIncome": "None", "depreciation": "None", "depreciationAndAmortization": "379000000", "incomeBeforeTax": "2232000000", "incomeTaxExpense": "566000000", "interestAndDebtExpense": "985000000", "netIncomeFromContinuingOperations": "1680000000", "comprehensiveIncomeNetOfTax": "93000000", "ebit": "3217000000", "ebitda": "3596000000", "netIncome": "1666000000"}]}