{"symbol": "MTB", "annualReports": [{"fiscalDateEnding": "2020-12-31", "reportedCurrency": "USD", "grossProfit": "1684700000", "totalRevenue": "5954761000", "costOfRevenue": "4270061000", "costofGoodsAndServicesSold": "None", "operatingIncome": "341061000", "sellingGeneralAndAdministrative": "1002337000", "researchAndDevelopment": "None", "operatingExpenses": "1343639000", "investmentIncomeNet": "None", "netInterestIncome": "3866317000", "interestIncome": "4192712000", "interestExpense": "326395000", "nonInterestIncome": "2088444000", "otherNonOperatingIncome": "None", "depreciation": "None", "depreciationAndAmortization": "320288000", "incomeBeforeTax": "1769521000", "incomeTaxExpense": "416369000", "interestAndDebtExpense": "326395000", "netIncomeFromContinuingOperations": "1353152000", "comprehensiveIncomeNetOfTax": "1496800000", "ebit": "2095916000", "ebitda": "2416204000", "netIncome": "1353152000"}, {"fiscalDateEnding": "2019-12-31", "reportedCurrency": "USD", "grossProfit": "2475373000", "totalRevenue": "6191943000", "costOfRevenue": "3716570000", "costofGoodsAndServicesSold": "None", "operatingIncome": "1173183000", "sellingGeneralAndAdministrative": "1094075000", "researchAndDevelopment": "None", "operatingExpenses": "1302190000", "investmentIncomeNet": "None", "netInterestIncome": "4130264000", "interestIncome": "4879593000", "interestExpense": "749329000", "nonInterestIncome": "2061679000", "otherNonOperatingIncome": "None", "depreciation": "None", "depreciationAndAmortization": "200414000", "incomeBeforeTax": "2547261000", "incomeTaxExpense": "618112000", "interestAndDebtExpense": "749329000", "netIncomeFromContinuingOperations": "1929149000", "comprehensiveIncomeNetOfTax": "2142550000", "ebit": "3296590000", "ebitda": "3497004000", "netIncome": "1929149000"}, {"fiscalDateEnding": "2018-12-31", "reportedCurrency": "USD", "grossProfit": "2458621000", "totalRevenue": "5928302000", "costOfRevenue": "3469681000", "costofGoodsAndServicesSold": "None", "operatingIncome": "1220061000", "sellingGeneralAndAdministrative": "1108922000", "researchAndDevelopment": "None", "operatingExpenses": "1238560000", "investmentIncomeNet": "None", "netInterestIncome": "4072302000", "interestIncome": "4598711000", "interestExpense": "526409000", "nonInterestIncome": "1856000000", "otherNonOperatingIncome": "None", "depreciation": "None", "depreciationAndAmortization": "104864000", "incomeBeforeTax": "2508240000", "incomeTaxExpense": "590160000", "interestAndDebtExpense": "526409000", "netIncomeFromContinuingOperations": "1918080000", "comprehensiveIncomeNetOfTax": "1878666000", "ebit": "3034649000", "ebitda": "3139513000", "netIncome": "1918080000"}, {"fiscalDateEnding": "2017-12-31", "reportedCurrency": "USD", "grossProfit": "2267690000", "totalRevenue": "5632187000", "costOfRevenue": "3364497000", "costofGoodsAndServicesSold": "554751000", "operatingIncome": "-437196000", "sellingGeneralAndAdministrative": "2639870000", "researchAndDevelopment": "None", "operatingExpenses": "2704886000", "investmentIncomeNet": "None", "netInterestIncome": "3781044000", "interestIncome": "4167795000", "interestExpense": "386751000", "nonInterestIncome": "1851143000", "otherNonOperatingIncome": "None", "depreciation": "None", "depreciationAndAmortization": "109587000", "incomeBeforeTax": "2323862000", "incomeTaxExpense": "915556000", "interestAndDebtExpense": "386751000", "netIncomeFromContinuingOperations": "1408306000", "comprehensiveIncomeNetOfTax": "1403157000", "ebit": "2710613000", "ebitda": "2820200000", "netIncome": "1408306000"}, {"fiscalDateEnding": "2016-12-31", "reportedCurrency": "USD", "grossProfit": "2007416000", "totalRevenue": "5295883000", "costOfRevenue": "3288467000", "costofGoodsAndServicesSold": "615984000", "operatingIncome": "-720152000", "sellingGeneralAndAdministrative": "2599536000", "researchAndDevelopment": "None", "operatingExpenses": "2727568000", "investmentIncomeNet": "None", "netInterestIncome": "3469887000", "interestIncome": "3895871000", "interestExpense": "425984000", "nonInterestIncome": "1825996000", "otherNonOperatingIncome": "None", "depreciation": "None", "depreciationAndAmortization": "106996000", "incomeBeforeTax": "2058398000", "incomeTaxExpense": "743284000", "interestAndDebtExpense": "425984000", "netIncomeFromContinuingOperations": "1315114000", "comprehensiveIncomeNetOfTax": "1272105000", "ebit": "2484382000", "ebitda": "2591378000", "netIncome": "1315114000"}], "quarterlyReports": [{"fiscalDateEnding": "2021-09-30", "reportedCurrency": "USD", "grossProfit": "697876000", "totalRevenue": "1577210000", "costOfRevenue": "879334000", "costofGoodsAndServicesSold": "None", "operatingIncome": "518493000", "sellingGeneralAndAdministrative": "176645000", "researchAndDevelopment": "None", "operatingExpenses": "179383000", "investmentIncomeNet": "None", "netInterestIncome": "967250000", "interestIncome": "992946000", "interestExpense": "25696000", "nonInterestIncome": "569126000", "otherNonOperatingIncome": "None", "depreciation": "None", "depreciationAndAmortization": "2738000", "incomeBeforeTax": "657042000", "incomeTaxExpense": "161582000", "interestAndDebtExpense": "25696000", "netIncomeFromContinuingOperations": "495460000", "comprehensiveIncomeNetOfTax": "462015000", "ebit": "682738000", "ebitda": "685476000", "netIncome": "495460000"}, {"fiscalDateEnding": "2021-06-30", "reportedCurrency": "USD", "grossProfit": "631110000", "totalRevenue": "1481455000", "costOfRevenue": "850345000", "costofGoodsAndServicesSold": "None", "operatingIncome": "448536000", "sellingGeneralAndAdministrative": "179837000", "researchAndDevelopment": "None", "operatingExpenses": "182574000", "investmentIncomeNet": "None", "netInterestIncome": "942340000", "interestIncome": "970358000", "interestExpense": "28018000", "nonInterestIncome": "513633000", "otherNonOperatingIncome": "None", "depreciation": "None", "depreciationAndAmortization": "2737000", "incomeBeforeTax": "605628000", "incomeTaxExpense": "147559000", "interestAndDebtExpense": "28018000", "netIncomeFromContinuingOperations": "458069000", "comprehensiveIncomeNetOfTax": "419573000", "ebit": "633646000", "ebitda": "636383000", "netIncome": "458069000"}, {"fiscalDateEnding": "2021-03-31", "reportedCurrency": "USD", "grossProfit": "611091000", "totalRevenue": "1525486000", "costOfRevenue": "914395000", "costofGoodsAndServicesSold": "None", "operatingIncome": "434969000", "sellingGeneralAndAdministrative": "172167000", "researchAndDevelopment": "None", "operatingExpenses": "176122000", "investmentIncomeNet": "None", "netInterestIncome": "981395000", "interestIncome": "1016962000", "interestExpense": "35567000", "nonInterestIncome": "505598000", "otherNonOperatingIncome": "None", "depreciation": "None", "depreciationAndAmortization": "2738000", "incomeBeforeTax": "592549000", "incomeTaxExpense": "145300000", "interestAndDebtExpense": "35567000", "netIncomeFromContinuingOperations": "447249000", "comprehensiveIncomeNetOfTax": "371803000", "ebit": "628116000", "ebitda": "630854000", "netIncome": "447249000"}, {"fiscalDateEnding": "2020-12-31", "reportedCurrency": "USD", "grossProfit": "1282793000", "totalRevenue": "2223630000", "costOfRevenue": "940837000", "costofGoodsAndServicesSold": "None", "operatingIncome": "472447000", "sellingGeneralAndAdministrative": "498476000", "researchAndDevelopment": "None", "operatingExpenses": "810346000", "investmentIncomeNet": "None", "netInterestIncome": "989280000", "interestIncome": "1038890000", "interestExpense": "49610000", "nonInterestIncome": "551250000", "otherNonOperatingIncome": "None", "depreciation": "None", "depreciationAndAmortization": "308548000", "incomeBeforeTax": "620522000", "incomeTaxExpense": "149382000", "interestAndDebtExpense": "49610000", "netIncomeFromContinuingOperations": "471140000", "comprehensiveIncomeNetOfTax": "232605000", "ebit": "670132000", "ebitda": "978680000", "netIncome": "471140000"}, {"fiscalDateEnding": "2020-09-30", "reportedCurrency": "USD", "grossProfit": "350300000", "totalRevenue": "1327074000", "costOfRevenue": "976774000", "costofGoodsAndServicesSold": "None", "operatingIncome": "179369000", "sellingGeneralAndAdministrative": "167017000", "researchAndDevelopment": "None", "operatingExpenses": "170931000", "investmentIncomeNet": "None", "netInterestIncome": "943095000", "interestIncome": "1001161000", "interestExpense": "58066000", "nonInterestIncome": "520561000", "otherNonOperatingIncome": "None", "depreciation": "None", "depreciationAndAmortization": "3914000", "incomeBeforeTax": "486882000", "incomeTaxExpense": "114746000", "interestAndDebtExpense": "58066000", "netIncomeFromContinuingOperations": "372136000", "comprehensiveIncomeNetOfTax": "303009000", "ebit": "544948000", "ebitda": "548862000", "netIncome": "372136000"}, {"fiscalDateEnding": "2020-06-30", "reportedCurrency": "USD", "grossProfit": "-1726000", "totalRevenue": "1130316000", "costOfRevenue": "1132042000", "costofGoodsAndServicesSold": "None", "operatingIncome": "-165206000", "sellingGeneralAndAdministrative": "159567000", "researchAndDevelopment": "None", "operatingExpenses": "163480000", "investmentIncomeNet": "None", "netInterestIncome": "957137000", "interestIncome": "1032242000", "interestExpense": "75105000", "nonInterestIncome": "487273000", "otherNonOperatingIncome": "None", "depreciation": "None", "depreciationAndAmortization": "3913000", "incomeBeforeTax": "312368000", "incomeTaxExpense": "71314000", "interestAndDebtExpense": "75105000", "netIncomeFromContinuingOperations": "241054000", "comprehensiveIncomeNetOfTax": "275851000", "ebit": "387473000", "ebitda": "391386000", "netIncome": "241054000"}, {"fiscalDateEnding": "2020-03-31", "reportedCurrency": "USD", "grossProfit": "98334000", "totalRevenue": "1273741000", "costOfRevenue": "1175407000", "costofGoodsAndServicesSold": "None", "operatingIncome": "2154000", "sellingGeneralAndAdministrative": "177277000", "researchAndDevelopment": "None", "operatingExpenses": "96180000", "investmentIncomeNet": "None", "netInterestIncome": "976805000", "interestIncome": "1120419000", "interestExpense": "143614000", "nonInterestIncome": "529360000", "otherNonOperatingIncome": "None", "depreciation": "None", "depreciationAndAmortization": "3913000", "incomeBeforeTax": "349749000", "incomeTaxExpense": "80927000", "interestAndDebtExpense": "143614000", "netIncomeFromContinuingOperations": "268822000", "comprehensiveIncomeNetOfTax": "685335000", "ebit": "493363000", "ebitda": "497276000", "netIncome": "268822000"}, {"fiscalDateEnding": "2019-12-31", "reportedCurrency": "USD", "grossProfit": "711583000", "totalRevenue": "1608017000", "costOfRevenue": "896434000", "costofGoodsAndServicesSold": "None", "operatingIncome": "-15585000", "sellingGeneralAndAdministrative": "588088000", "researchAndDevelopment": "None", "operatingExpenses": "727168000", "investmentIncomeNet": "None", "netInterestIncome": "1008833000", "interestIncome": "1185902000", "interestExpense": "177069000", "nonInterestIncome": "521040000", "otherNonOperatingIncome": "None", "depreciation": "None", "depreciationAndAmortization": "185229000", "incomeBeforeTax": "652190000", "incomeTaxExpense": "159124000", "interestAndDebtExpense": "177069000", "netIncomeFromContinuingOperations": "493066000", "comprehensiveIncomeNetOfTax": "366694000", "ebit": "829259000", "ebitda": "1014488000", "netIncome": "493066000"}, {"fiscalDateEnding": "2019-09-30", "reportedCurrency": "USD", "grossProfit": "604292000", "totalRevenue": "1526911000", "costOfRevenue": "922619000", "costofGoodsAndServicesSold": "None", "operatingIncome": "423865000", "sellingGeneralAndAdministrative": "175339000", "researchAndDevelopment": "None", "operatingExpenses": "180427000", "investmentIncomeNet": "None", "netInterestIncome": "1029890000", "interestIncome": "1229469000", "interestExpense": "199579000", "nonInterestIncome": "527779000", "otherNonOperatingIncome": "None", "depreciation": "None", "depreciationAndAmortization": "5088000", "incomeBeforeTax": "635050000", "incomeTaxExpense": "154969000", "interestAndDebtExpense": "199579000", "netIncomeFromContinuingOperations": "480081000", "comprehensiveIncomeNetOfTax": "512731000", "ebit": "834629000", "ebitda": "839717000", "netIncome": "480081000"}, {"fiscalDateEnding": "2019-06-30", "reportedCurrency": "USD", "grossProfit": "583378000", "totalRevenue": "1511410000", "costOfRevenue": "928032000", "costofGoodsAndServicesSold": "None", "operatingIncome": "409547000", "sellingGeneralAndAdministrative": "168754000", "researchAndDevelopment": "None", "operatingExpenses": "173831000", "investmentIncomeNet": "None", "netInterestIncome": "1041481000", "interestIncome": "1237913000", "interestExpense": "196432000", "nonInterestIncome": "512095000", "otherNonOperatingIncome": "None", "depreciation": "None", "depreciationAndAmortization": "51001000", "incomeBeforeTax": "625544000", "incomeTaxExpense": "152284000", "interestAndDebtExpense": "196432000", "netIncomeFromContinuingOperations": "473260000", "comprehensiveIncomeNetOfTax": "648311000", "ebit": "821976000", "ebitda": "872977000", "netIncome": "473260000"}, {"fiscalDateEnding": "2019-03-31", "reportedCurrency": "USD", "grossProfit": "609266000", "totalRevenue": "1541784000", "costOfRevenue": "932518000", "costofGoodsAndServicesSold": "None", "operatingIncome": "394471000", "sellingGeneralAndAdministrative": "161894000", "researchAndDevelopment": "None", "operatingExpenses": "214795000", "investmentIncomeNet": "None", "netInterestIncome": "1050060000", "interestIncome": "1226309000", "interestExpense": "176249000", "nonInterestIncome": "500765000", "otherNonOperatingIncome": "None", "depreciation": "None", "depreciationAndAmortization": "50982000", "incomeBeforeTax": "634477000", "incomeTaxExpense": "151735000", "interestAndDebtExpense": "176249000", "netIncomeFromContinuingOperations": "482742000", "comprehensiveIncomeNetOfTax": "614814000", "ebit": "810726000", "ebitda": "861708000", "netIncome": "482742000"}, {"fiscalDateEnding": "2018-12-31", "reportedCurrency": "USD", "grossProfit": "741004000", "totalRevenue": "1594218000", "costOfRevenue": "853214000", "costofGoodsAndServicesSold": "199321000", "operatingIncome": "50837000", "sellingGeneralAndAdministrative": "648113000", "researchAndDevelopment": "None", "operatingExpenses": "690167000", "investmentIncomeNet": "None", "netInterestIncome": "1058960000", "interestIncome": "1220281000", "interestExpense": "161321000", "nonInterestIncome": "480596000", "otherNonOperatingIncome": "None", "depreciation": "None", "depreciationAndAmortization": "24678000", "incomeBeforeTax": "699394000", "incomeTaxExpense": "153175000", "interestAndDebtExpense": "161321000", "netIncomeFromContinuingOperations": "546219000", "comprehensiveIncomeNetOfTax": "668537000", "ebit": "860715000", "ebitda": "885393000", "netIncome": "546219000"}, {"fiscalDateEnding": "2018-09-30", "reportedCurrency": "USD", "grossProfit": "692892000", "totalRevenue": "1484871000", "costOfRevenue": "791979000", "costofGoodsAndServicesSold": "154337000", "operatingIncome": "527963000", "sellingGeneralAndAdministrative": "158786000", "researchAndDevelopment": "None", "operatingExpenses": "164929000", "investmentIncomeNet": "None", "netInterestIncome": "1029038000", "interestIncome": "1167375000", "interestExpense": "138337000", "nonInterestIncome": "459294000", "otherNonOperatingIncome": "None", "depreciation": "None", "depreciationAndAmortization": "26094000", "incomeBeforeTax": "696353000", "incomeTaxExpense": "170262000", "interestAndDebtExpense": "138337000", "netIncomeFromContinuingOperations": "526091000", "comprehensiveIncomeNetOfTax": "501633000", "ebit": "834690000", "ebitda": "860784000", "netIncome": "526091000"}, {"fiscalDateEnding": "2018-06-30", "reportedCurrency": "USD", "grossProfit": "632627000", "totalRevenue": "1444204000", "costOfRevenue": "811577000", "costofGoodsAndServicesSold": "155118000", "operatingIncome": "473009000", "sellingGeneralAndAdministrative": "153230000", "researchAndDevelopment": "None", "operatingExpenses": "159618000", "investmentIncomeNet": "None", "netInterestIncome": "1008787000", "interestIncome": "1128905000", "interestExpense": "120118000", "nonInterestIncome": "457414000", "otherNonOperatingIncome": "None", "depreciation": "None", "depreciationAndAmortization": "26811000", "incomeBeforeTax": "654624000", "incomeTaxExpense": "161464000", "interestAndDebtExpense": "120118000", "netIncomeFromContinuingOperations": "493160000", "comprehensiveIncomeNetOfTax": "458462000", "ebit": "774742000", "ebitda": "801553000", "netIncome": "493160000"}, {"fiscalDateEnding": "2018-03-31", "reportedCurrency": "USD", "grossProfit": "403617000", "totalRevenue": "1391617000", "costOfRevenue": "988000000", "costofGoodsAndServicesSold": "149633000", "operatingIncome": "-239077000", "sellingGeneralAndAdministrative": "612221000", "researchAndDevelopment": "None", "operatingExpenses": "642694000", "investmentIncomeNet": "None", "netInterestIncome": "975517000", "interestIncome": "1082150000", "interestExpense": "106633000", "nonInterestIncome": "458696000", "otherNonOperatingIncome": "None", "depreciation": "None", "depreciationAndAmortization": "27281000", "incomeBeforeTax": "457869000", "incomeTaxExpense": "105259000", "interestAndDebtExpense": "106633000", "netIncomeFromContinuingOperations": "352610000", "comprehensiveIncomeNetOfTax": "250034000", "ebit": "564502000", "ebitda": "591783000", "netIncome": "352610000"}, {"fiscalDateEnding": "2017-12-31", "reportedCurrency": "USD", "grossProfit": "750233000", "totalRevenue": "1591743000", "costOfRevenue": "841510000", "costofGoodsAndServicesSold": "133689000", "operatingIncome": "-175701000", "sellingGeneralAndAdministrative": "956427000", "researchAndDevelopment": "None", "operatingExpenses": "925934000", "investmentIncomeNet": "None", "netInterestIncome": "971450000", "interestIncome": "1074139000", "interestExpense": "102689000", "nonInterestIncome": "484053000", "otherNonOperatingIncome": "None", "depreciation": "None", "depreciationAndAmortization": "24956000", "incomeBeforeTax": "628690000", "incomeTaxExpense": "306287000", "interestAndDebtExpense": "102689000", "netIncomeFromContinuingOperations": "322403000", "comprehensiveIncomeNetOfTax": "270533000", "ebit": "731379000", "ebitda": "756335000", "netIncome": "322403000"}, {"fiscalDateEnding": "2017-09-30", "reportedCurrency": "USD", "grossProfit": "550834000", "totalRevenue": "1386859000", "costOfRevenue": "836025000", "costofGoodsAndServicesSold": "130076000", "operatingIncome": "-3517000", "sellingGeneralAndAdministrative": "546543000", "researchAndDevelopment": "None", "operatingExpenses": "554351000", "investmentIncomeNet": "None", "netInterestIncome": "957134000", "interestIncome": "1057210000", "interestExpense": "100076000", "nonInterestIncome": "459429000", "otherNonOperatingIncome": "None", "depreciation": "None", "depreciationAndAmortization": "29730000", "incomeBeforeTax": "580538000", "incomeTaxExpense": "224615000", "interestAndDebtExpense": "100076000", "netIncomeFromContinuingOperations": "355923000", "comprehensiveIncomeNetOfTax": "378089000", "ebit": "680614000", "ebitda": "710344000", "netIncome": "355923000"}, {"fiscalDateEnding": "2017-06-30", "reportedCurrency": "USD", "grossProfit": "544566000", "totalRevenue": "1347201000", "costOfRevenue": "802635000", "costofGoodsAndServicesSold": "144213000", "operatingIncome": "-6100000", "sellingGeneralAndAdministrative": "542553000", "researchAndDevelopment": "None", "operatingExpenses": "550666000", "investmentIncomeNet": "None", "netInterestIncome": "938200000", "interestIncome": "1030413000", "interestExpense": "92213000", "nonInterestIncome": "460816000", "otherNonOperatingIncome": "None", "depreciation": "None", "depreciationAndAmortization": "27472000", "incomeBeforeTax": "596381000", "incomeTaxExpense": "215328000", "interestAndDebtExpense": "92213000", "netIncomeFromContinuingOperations": "381053000", "comprehensiveIncomeNetOfTax": "402539000", "ebit": "688594000", "ebitda": "716066000", "netIncome": "381053000"}, {"fiscalDateEnding": "2017-03-31", "reportedCurrency": "USD", "grossProfit": "449989000", "totalRevenue": "1306384000", "costOfRevenue": "856395000", "costofGoodsAndServicesSold": "146773000", "operatingIncome": "-176905000", "sellingGeneralAndAdministrative": "594347000", "researchAndDevelopment": "None", "operatingExpenses": "626894000", "investmentIncomeNet": "None", "netInterestIncome": "914260000", "interestIncome": "1006033000", "interestExpense": "91773000", "nonInterestIncome": "446845000", "otherNonOperatingIncome": "None", "depreciation": "None", "depreciationAndAmortization": "27429000", "incomeBeforeTax": "518253000", "incomeTaxExpense": "169326000", "interestAndDebtExpense": "91773000", "netIncomeFromContinuingOperations": "348927000", "comprehensiveIncomeNetOfTax": "351996000", "ebit": "610026000", "ebitda": "637455000", "netIncome": "348927000"}, {"fiscalDateEnding": "2016-12-31", "reportedCurrency": "USD", "grossProfit": "624212000", "totalRevenue": "1468318000", "costOfRevenue": "844106000", "costofGoodsAndServicesSold": "169137000", "operatingIncome": "-522893000", "sellingGeneralAndAdministrative": "1113260000", "researchAndDevelopment": "None", "operatingExpenses": "1147105000", "investmentIncomeNet": "None", "netInterestIncome": "875764000", "interestIncome": "982901000", "interestExpense": "107137000", "nonInterestIncome": "465459000", "otherNonOperatingIncome": "None", "depreciation": "None", "depreciationAndAmortization": "27085000", "incomeBeforeTax": "510120000", "incomeTaxExpense": "179549000", "interestAndDebtExpense": "107137000", "netIncomeFromContinuingOperations": "330571000", "comprehensiveIncomeNetOfTax": "150494000", "ebit": "617257000", "ebitda": "644342000", "netIncome": "330571000"}]}