{"symbol": "NEE", "annualReports": [{"fiscalDateEnding": "2020-12-31", "reportedCurrency": "USD", "grossProfit": "10844000000", "totalRevenue": "16976000000", "costOfRevenue": "6132000000", "costofGoodsAndServicesSold": "7290000000", "operatingIncome": "5116000000", "sellingGeneralAndAdministrative": "1911000000", "researchAndDevelopment": "None", "operatingExpenses": "13234000000", "investmentIncomeNet": "None", "netInterestIncome": "120000000", "interestIncome": "38000000", "interestExpense": "1950000000", "nonInterestIncome": "16856000000", "otherNonOperatingIncome": "54000000", "depreciation": "None", "depreciationAndAmortization": "4052000000", "incomeBeforeTax": "2963000000", "incomeTaxExpense": "44000000", "interestAndDebtExpense": "None", "netIncomeFromContinuingOperations": "2369000000", "comprehensiveIncomeNetOfTax": "2996000000", "ebit": "5116000000", "ebitda": "9168000000", "netIncome": "2919000000"}, {"fiscalDateEnding": "2019-12-31", "reportedCurrency": "USD", "grossProfit": "11221000000", "totalRevenue": "17604000000", "costOfRevenue": "6383000000", "costofGoodsAndServicesSold": "8003000000", "operatingIncome": "5353000000", "sellingGeneralAndAdministrative": "1888000000", "researchAndDevelopment": "None", "operatingExpenses": "14257000000", "investmentIncomeNet": "None", "netInterestIncome": "101000000", "interestIncome": "54000000", "interestExpense": "2249000000", "nonInterestIncome": "17503000000", "otherNonOperatingIncome": "67000000", "depreciation": "None", "depreciationAndAmortization": "4216000000", "incomeBeforeTax": "4217000000", "incomeTaxExpense": "448000000", "interestAndDebtExpense": "None", "netIncomeFromContinuingOperations": "3388000000", "comprehensiveIncomeNetOfTax": "3789000000", "ebit": "5353000000", "ebitda": "9569000000", "netIncome": "3769000000"}, {"fiscalDateEnding": "2018-12-31", "reportedCurrency": "USD", "grossProfit": "9856000000", "totalRevenue": "15558000000", "costOfRevenue": "5702000000", "costofGoodsAndServicesSold": "7062000000", "operatingIncome": "4280000000", "sellingGeneralAndAdministrative": "1590000000", "researchAndDevelopment": "None", "operatingExpenses": "12527000000", "investmentIncomeNet": "None", "netInterestIncome": "94000000", "interestIncome": "51000000", "interestExpense": "1498000000", "nonInterestIncome": "15464000000", "otherNonOperatingIncome": "48000000", "depreciation": "None", "depreciationAndAmortization": "3911000000", "incomeBeforeTax": "8214000000", "incomeTaxExpense": "1576000000", "interestAndDebtExpense": "None", "netIncomeFromContinuingOperations": "5776000000", "comprehensiveIncomeNetOfTax": "6667000000", "ebit": "4280000000", "ebitda": "8191000000", "netIncome": "6638000000"}, {"fiscalDateEnding": "2017-12-31", "reportedCurrency": "USD", "grossProfit": "-4373000000", "totalRevenue": "178000000", "costOfRevenue": "4551000000", "costofGoodsAndServicesSold": "7398000000", "operatingIncome": "5173000000", "sellingGeneralAndAdministrative": "1531000000", "researchAndDevelopment": "None", "operatingExpenses": "12000000000", "investmentIncomeNet": "None", "netInterestIncome": "-1477000000", "interestIncome": "81000000", "interestExpense": "1558000000", "nonInterestIncome": "178000000", "otherNonOperatingIncome": "11000000", "depreciation": "None", "depreciationAndAmortization": "2357000000", "incomeBeforeTax": "4720000000", "incomeTaxExpense": "-660000000", "interestAndDebtExpense": "None", "netIncomeFromContinuingOperations": "5320000000", "comprehensiveIncomeNetOfTax": "5561000000", "ebit": "5173000000", "ebitda": "7530000000", "netIncome": "5380000000"}, {"fiscalDateEnding": "2016-12-31", "reportedCurrency": "USD", "grossProfit": "-4251000000", "totalRevenue": "578000000", "costOfRevenue": "4829000000", "costofGoodsAndServicesSold": "7431000000", "operatingIncome": "4459000000", "sellingGeneralAndAdministrative": "1479000000", "researchAndDevelopment": "None", "operatingExpenses": "11679000000", "investmentIncomeNet": "None", "netInterestIncome": "-1011000000", "interestIncome": "82000000", "interestExpense": "1093000000", "nonInterestIncome": "578000000", "otherNonOperatingIncome": "19000000", "depreciation": "None", "depreciationAndAmortization": "3120000000", "incomeBeforeTax": "4285000000", "incomeTaxExpense": "1379000000", "interestAndDebtExpense": "None", "netIncomeFromContinuingOperations": "3005000000", "comprehensiveIncomeNetOfTax": "3003000000", "ebit": "4459000000", "ebitda": "7579000000", "netIncome": "2906000000"}], "quarterlyReports": [{"fiscalDateEnding": "2021-09-30", "reportedCurrency": "USD", "grossProfit": "4919000000", "totalRevenue": "5400000000", "costOfRevenue": "481000000", "costofGoodsAndServicesSold": "2293000000", "operatingIncome": "379000000", "sellingGeneralAndAdministrative": "481000000", "researchAndDevelopment": "None", "operatingExpenses": "4004000000", "investmentIncomeNet": "None", "netInterestIncome": "-328000000", "interestIncome": "7000000", "interestExpense": "335000000", "nonInterestIncome": "5400000000", "otherNonOperatingIncome": "25000000", "depreciation": "None", "depreciationAndAmortization": "1230000000", "incomeBeforeTax": "420000000", "incomeTaxExpense": "-27000000", "interestAndDebtExpense": "None", "netIncomeFromContinuingOperations": "304000000", "comprehensiveIncomeNetOfTax": "438000000", "ebit": "379000000", "ebitda": "1609000000", "netIncome": "447000000"}, {"fiscalDateEnding": "2021-06-30", "reportedCurrency": "USD", "grossProfit": "4240000000", "totalRevenue": "4700000000", "costOfRevenue": "460000000", "costofGoodsAndServicesSold": "1969000000", "operatingIncome": "510000000", "sellingGeneralAndAdministrative": "460000000", "researchAndDevelopment": "None", "operatingExpenses": "3410000000", "investmentIncomeNet": "None", "netInterestIncome": "-750000000", "interestIncome": "7000000", "interestExpense": "757000000", "nonInterestIncome": "4700000000", "otherNonOperatingIncome": "31000000", "depreciation": "None", "depreciationAndAmortization": "981000000", "incomeBeforeTax": "116000000", "incomeTaxExpense": "-140000000", "interestAndDebtExpense": "None", "netIncomeFromContinuingOperations": "72000000", "comprehensiveIncomeNetOfTax": "269000000", "ebit": "510000000", "ebitda": "1491000000", "netIncome": "256000000"}, {"fiscalDateEnding": "2021-03-31", "reportedCurrency": "USD", "grossProfit": "2875000000", "totalRevenue": "4051000000", "costOfRevenue": "1176000000", "costofGoodsAndServicesSold": "1895000000", "operatingIncome": "669000000", "sellingGeneralAndAdministrative": "427000000", "researchAndDevelopment": "None", "operatingExpenses": "3071000000", "investmentIncomeNet": "None", "netInterestIncome": "440000000", "interestIncome": "19000000", "interestExpense": "-421000000", "nonInterestIncome": "4051000000", "otherNonOperatingIncome": "19000000", "depreciation": "None", "depreciationAndAmortization": "749000000", "incomeBeforeTax": "1916000000", "incomeTaxExpense": "250000000", "interestAndDebtExpense": "None", "netIncomeFromContinuingOperations": "1498000000", "comprehensiveIncomeNetOfTax": "1662000000", "ebit": "669000000", "ebitda": "1418000000", "netIncome": "1666000000"}, {"fiscalDateEnding": "2020-12-31", "reportedCurrency": "USD", "grossProfit": "2335000000", "totalRevenue": "4081000000", "costOfRevenue": "1746000000", "costofGoodsAndServicesSold": "1971000000", "operatingIncome": "940000000", "sellingGeneralAndAdministrative": "633000000", "researchAndDevelopment": "None", "operatingExpenses": "3808000000", "investmentIncomeNet": "None", "netInterestIncome": "-104000000", "interestIncome": "7000000", "interestExpense": "111000000", "nonInterestIncome": "3961000000", "otherNonOperatingIncome": "29000000", "depreciation": "None", "depreciationAndAmortization": "944000000", "incomeBeforeTax": "-40000000", "incomeTaxExpense": "-35000000", "interestAndDebtExpense": "None", "netIncomeFromContinuingOperations": "-190000000", "comprehensiveIncomeNetOfTax": "55000000", "ebit": "940000000", "ebitda": "1884000000", "netIncome": "-5000000"}, {"fiscalDateEnding": "2020-09-30", "reportedCurrency": "USD", "grossProfit": "4446000000", "totalRevenue": "4900000000", "costOfRevenue": "454000000", "costofGoodsAndServicesSold": "2033000000", "operatingIncome": "1008000000", "sellingGeneralAndAdministrative": "454000000", "researchAndDevelopment": "None", "operatingExpenses": "3766000000", "investmentIncomeNet": "None", "netInterestIncome": "-201000000", "interestIncome": "7000000", "interestExpense": "208000000", "nonInterestIncome": "4900000000", "otherNonOperatingIncome": "21000000", "depreciation": "None", "depreciationAndAmortization": "1279000000", "incomeBeforeTax": "1358000000", "incomeTaxExpense": "129000000", "interestAndDebtExpense": "None", "netIncomeFromContinuingOperations": "1123000000", "comprehensiveIncomeNetOfTax": "1240000000", "ebit": "1008000000", "ebitda": "2287000000", "netIncome": "1229000000"}, {"fiscalDateEnding": "2020-06-30", "reportedCurrency": "USD", "grossProfit": "3681000000", "totalRevenue": "4100000000", "costOfRevenue": "419000000", "costofGoodsAndServicesSold": "1635000000", "operatingIncome": "1186000000", "sellingGeneralAndAdministrative": "419000000", "researchAndDevelopment": "None", "operatingExpenses": "3035000000", "investmentIncomeNet": "None", "netInterestIncome": "-309000000", "interestIncome": "11000000", "interestExpense": "320000000", "nonInterestIncome": "4100000000", "otherNonOperatingIncome": "-4000000", "depreciation": "None", "depreciationAndAmortization": "981000000", "incomeBeforeTax": "1460000000", "incomeTaxExpense": "185000000", "interestAndDebtExpense": "None", "netIncomeFromContinuingOperations": "1129000000", "comprehensiveIncomeNetOfTax": "1304000000", "ebit": "1186000000", "ebitda": "2167000000", "netIncome": "1275000000"}, {"fiscalDateEnding": "2020-03-31", "reportedCurrency": "USD", "grossProfit": "2685000000", "totalRevenue": "3939000000", "costOfRevenue": "1254000000", "costofGoodsAndServicesSold": "1651000000", "operatingIncome": "1981000000", "sellingGeneralAndAdministrative": "406000000", "researchAndDevelopment": "None", "operatingExpenses": "2905000000", "investmentIncomeNet": "None", "netInterestIncome": "-1298000000", "interestIncome": "13000000", "interestExpense": "1311000000", "nonInterestIncome": "3939000000", "otherNonOperatingIncome": "10000000", "depreciation": "None", "depreciationAndAmortization": "848000000", "incomeBeforeTax": "186000000", "incomeTaxExpense": "-235000000", "interestAndDebtExpense": "None", "netIncomeFromContinuingOperations": "308000000", "comprehensiveIncomeNetOfTax": "398000000", "ebit": "1981000000", "ebitda": "2829000000", "netIncome": "421000000"}, {"fiscalDateEnding": "2019-12-31", "reportedCurrency": "USD", "grossProfit": "2665000000", "totalRevenue": "4414000000", "costOfRevenue": "1749000000", "costofGoodsAndServicesSold": "2119000000", "operatingIncome": "878000000", "sellingGeneralAndAdministrative": "501000000", "researchAndDevelopment": "None", "operatingExpenses": "4117000000", "investmentIncomeNet": "None", "netInterestIncome": "-175000000", "interestIncome": "13000000", "interestExpense": "188000000", "nonInterestIncome": "4313000000", "otherNonOperatingIncome": "24000000", "depreciation": "None", "depreciationAndAmortization": "969000000", "incomeBeforeTax": "1167000000", "incomeTaxExpense": "192000000", "interestAndDebtExpense": "None", "netIncomeFromContinuingOperations": "878000000", "comprehensiveIncomeNetOfTax": "987000000", "ebit": "878000000", "ebitda": "1847000000", "netIncome": "975000000"}, {"fiscalDateEnding": "2019-09-30", "reportedCurrency": "USD", "grossProfit": "4347000000", "totalRevenue": "4900000000", "costOfRevenue": "553000000", "costofGoodsAndServicesSold": "2129000000", "operatingIncome": "1593000000", "sellingGeneralAndAdministrative": "553000000", "researchAndDevelopment": "None", "operatingExpenses": "3979000000", "investmentIncomeNet": "None", "netInterestIncome": "-730000000", "interestIncome": "16000000", "interestExpense": "746000000", "nonInterestIncome": "4900000000", "otherNonOperatingIncome": "12000000", "depreciation": "None", "depreciationAndAmortization": "1295000000", "incomeBeforeTax": "937000000", "incomeTaxExpense": "58000000", "interestAndDebtExpense": "None", "netIncomeFromContinuingOperations": "798000000", "comprehensiveIncomeNetOfTax": "889000000", "ebit": "1593000000", "ebitda": "2888000000", "netIncome": "879000000"}, {"fiscalDateEnding": "2019-06-30", "reportedCurrency": "USD", "grossProfit": "4078000000", "totalRevenue": "4500000000", "costOfRevenue": "422000000", "costofGoodsAndServicesSold": "1974000000", "operatingIncome": "1747000000", "sellingGeneralAndAdministrative": "416000000", "researchAndDevelopment": "None", "operatingExpenses": "3223000000", "investmentIncomeNet": "None", "netInterestIncome": "-588000000", "interestIncome": "13000000", "interestExpense": "601000000", "nonInterestIncome": "4500000000", "otherNonOperatingIncome": "16000000", "depreciation": "None", "depreciationAndAmortization": "1180000000", "incomeBeforeTax": "1358000000", "incomeTaxExpense": "124000000", "interestAndDebtExpense": "None", "netIncomeFromContinuingOperations": "1139000000", "comprehensiveIncomeNetOfTax": "1256000000", "ebit": "1747000000", "ebitda": "2927000000", "netIncome": "1234000000"}, {"fiscalDateEnding": "2019-03-31", "reportedCurrency": "USD", "grossProfit": "2621000000", "totalRevenue": "3805000000", "costOfRevenue": "1184000000", "costofGoodsAndServicesSold": "1782000000", "operatingIncome": "1135000000", "sellingGeneralAndAdministrative": "396000000", "researchAndDevelopment": "None", "operatingExpenses": "2940000000", "investmentIncomeNet": "None", "netInterestIncome": "-702000000", "interestIncome": "12000000", "interestExpense": "714000000", "nonInterestIncome": "3805000000", "otherNonOperatingIncome": "14000000", "depreciation": "None", "depreciationAndAmortization": "772000000", "incomeBeforeTax": "754000000", "incomeTaxExpense": "74000000", "interestAndDebtExpense": "None", "netIncomeFromContinuingOperations": "606000000", "comprehensiveIncomeNetOfTax": "656000000", "ebit": "1135000000", "ebitda": "1907000000", "netIncome": "680000000"}, {"fiscalDateEnding": "2018-12-31", "reportedCurrency": "USD", "grossProfit": "2865000000", "totalRevenue": "4587000000", "costOfRevenue": "1722000000", "costofGoodsAndServicesSold": "1806000000", "operatingIncome": "1107000000", "sellingGeneralAndAdministrative": "442000000", "researchAndDevelopment": "None", "operatingExpenses": "3363000000", "investmentIncomeNet": "None", "netInterestIncome": "28000000", "interestIncome": "12000000", "interestExpense": "711000000", "nonInterestIncome": "4559000000", "otherNonOperatingIncome": "18000000", "depreciation": "None", "depreciationAndAmortization": "1092000000", "incomeBeforeTax": "396000000", "incomeTaxExpense": "-26000000", "interestAndDebtExpense": "None", "netIncomeFromContinuingOperations": "1107000000", "comprehensiveIncomeNetOfTax": "391000000", "ebit": "1107000000", "ebitda": "2199000000", "netIncome": "422000000"}, {"fiscalDateEnding": "2018-09-30", "reportedCurrency": "USD", "grossProfit": "3709000000", "totalRevenue": "4118000000", "costOfRevenue": "409000000", "costofGoodsAndServicesSold": "1917000000", "operatingIncome": "968000000", "sellingGeneralAndAdministrative": "396000000", "researchAndDevelopment": "None", "operatingExpenses": "3448000000", "investmentIncomeNet": "None", "netInterestIncome": "18000000", "interestIncome": "11000000", "interestExpense": "167000000", "nonInterestIncome": "4100000000", "otherNonOperatingIncome": "11000000", "depreciation": "None", "depreciationAndAmortization": "1131000000", "incomeBeforeTax": "1130000000", "incomeTaxExpense": "125000000", "interestAndDebtExpense": "None", "netIncomeFromContinuingOperations": "943000000", "comprehensiveIncomeNetOfTax": "1021000000", "ebit": "968000000", "ebitda": "2099000000", "netIncome": "1005000000"}, {"fiscalDateEnding": "2018-06-30", "reportedCurrency": "USD", "grossProfit": "3152000000", "totalRevenue": "3524000000", "costOfRevenue": "372000000", "costofGoodsAndServicesSold": "1743000000", "operatingIncome": "1146000000", "sellingGeneralAndAdministrative": "371000000", "researchAndDevelopment": "None", "operatingExpenses": "2917000000", "investmentIncomeNet": "None", "netInterestIncome": "24000000", "interestIncome": "10000000", "interestExpense": "394000000", "nonInterestIncome": "3500000000", "otherNonOperatingIncome": "10000000", "depreciation": "None", "depreciationAndAmortization": "832000000", "incomeBeforeTax": "1007000000", "incomeTaxExpense": "226000000", "interestAndDebtExpense": "None", "netIncomeFromContinuingOperations": "701000000", "comprehensiveIncomeNetOfTax": "786000000", "ebit": "1146000000", "ebitda": "1978000000", "netIncome": "781000000"}, {"fiscalDateEnding": "2018-03-31", "reportedCurrency": "USD", "grossProfit": "2050000000", "totalRevenue": "3286000000", "costOfRevenue": "1236000000", "costofGoodsAndServicesSold": "1596000000", "operatingIncome": "1059000000", "sellingGeneralAndAdministrative": "379000000", "researchAndDevelopment": "None", "operatingExpenses": "2798000000", "investmentIncomeNet": "None", "netInterestIncome": "24000000", "interestIncome": "18000000", "interestExpense": "226000000", "nonInterestIncome": "3262000000", "otherNonOperatingIncome": "6000000", "depreciation": "None", "depreciationAndAmortization": "856000000", "incomeBeforeTax": "5681000000", "incomeTaxExpense": "1250000000", "interestAndDebtExpense": "None", "netIncomeFromContinuingOperations": "3831000000", "comprehensiveIncomeNetOfTax": "4470000000", "ebit": "1059000000", "ebitda": "1915000000", "netIncome": "4431000000"}, {"fiscalDateEnding": "2017-12-31", "reportedCurrency": "USD", "grossProfit": "-688000000", "totalRevenue": "155000000", "costOfRevenue": "843000000", "costofGoodsAndServicesSold": "1905000000", "operatingIncome": "186000000", "sellingGeneralAndAdministrative": "416000000", "researchAndDevelopment": "None", "operatingExpenses": "3804000000", "investmentIncomeNet": "None", "netInterestIncome": "None", "interestIncome": "22000000", "interestExpense": "387000000", "nonInterestIncome": "155000000", "otherNonOperatingIncome": "4000000", "depreciation": "None", "depreciationAndAmortization": "-219000000", "incomeBeforeTax": "169000000", "incomeTaxExpense": "-1989000000", "interestAndDebtExpense": "None", "netIncomeFromContinuingOperations": "236000000", "comprehensiveIncomeNetOfTax": "2220000000", "ebit": "186000000", "ebitda": "-33000000", "netIncome": "2158000000"}, {"fiscalDateEnding": "2017-09-30", "reportedCurrency": "USD", "grossProfit": "-399000000", "totalRevenue": "11000000", "costOfRevenue": "399000000", "costofGoodsAndServicesSold": "1945000000", "operatingIncome": "1350000000", "sellingGeneralAndAdministrative": "397000000", "researchAndDevelopment": "None", "operatingExpenses": "3457000000", "investmentIncomeNet": "None", "netInterestIncome": "None", "interestIncome": "20000000", "interestExpense": "381000000", "nonInterestIncome": "11000000", "otherNonOperatingIncome": "23000000", "depreciation": "None", "depreciationAndAmortization": "1071000000", "incomeBeforeTax": "1210000000", "incomeTaxExpense": "364000000", "interestAndDebtExpense": "None", "netIncomeFromContinuingOperations": "856000000", "comprehensiveIncomeNetOfTax": "892000000", "ebit": "1350000000", "ebitda": "2421000000", "netIncome": "846000000"}, {"fiscalDateEnding": "2017-06-30", "reportedCurrency": "USD", "grossProfit": "-380000000", "totalRevenue": "4404000000", "costOfRevenue": "380000000", "costofGoodsAndServicesSold": "1854000000", "operatingIncome": "1276000000", "sellingGeneralAndAdministrative": "376000000", "researchAndDevelopment": "None", "operatingExpenses": "3128000000", "investmentIncomeNet": "None", "netInterestIncome": "None", "interestIncome": "19000000", "interestExpense": "430000000", "nonInterestIncome": "40000000", "otherNonOperatingIncome": "5000000", "depreciation": "None", "depreciationAndAmortization": "886000000", "incomeBeforeTax": "1082000000", "incomeTaxExpense": "289000000", "interestAndDebtExpense": "None", "netIncomeFromContinuingOperations": "804000000", "comprehensiveIncomeNetOfTax": "836000000", "ebit": "1276000000", "ebitda": "2162000000", "netIncome": "793000000"}, {"fiscalDateEnding": "2017-03-31", "reportedCurrency": "USD", "grossProfit": "-997000000", "totalRevenue": "3972000000", "costOfRevenue": "969000000", "costofGoodsAndServicesSold": "1694000000", "operatingIncome": "2362000000", "sellingGeneralAndAdministrative": "339000000", "researchAndDevelopment": "None", "operatingExpenses": "1610000000", "investmentIncomeNet": "None", "netInterestIncome": "None", "interestIncome": "19000000", "interestExpense": "360000000", "nonInterestIncome": "-28000000", "otherNonOperatingIncome": "-21000000", "depreciation": "None", "depreciationAndAmortization": "619000000", "incomeBeforeTax": "2258000000", "incomeTaxExpense": "675000000", "interestAndDebtExpense": "None", "netIncomeFromContinuingOperations": "1591000000", "comprehensiveIncomeNetOfTax": "1613000000", "ebit": "2362000000", "ebitda": "2981000000", "netIncome": "1583000000"}, {"fiscalDateEnding": "2016-12-31", "reportedCurrency": "USD", "grossProfit": "-956000000", "totalRevenue": "677000000", "costOfRevenue": "1633000000", "costofGoodsAndServicesSold": "1852000000", "operatingIncome": "926000000", "sellingGeneralAndAdministrative": "674000000", "researchAndDevelopment": "None", "operatingExpenses": "2904000000", "investmentIncomeNet": "None", "netInterestIncome": "None", "interestIncome": "21000000", "interestExpense": "-387000000", "nonInterestIncome": "677000000", "otherNonOperatingIncome": "-2000000", "depreciation": "None", "depreciationAndAmortization": "858000000", "incomeBeforeTax": "1466000000", "incomeTaxExpense": "500000000", "interestAndDebtExpense": "None", "netIncomeFromContinuingOperations": "926000000", "comprehensiveIncomeNetOfTax": "925000000", "ebit": "926000000", "ebitda": "1784000000", "netIncome": "966000000"}]}