{"symbol": "NVR", "annualReports": [{"fiscalDateEnding": "2020-12-31", "reportedCurrency": "USD", "grossProfit": "7500706000", "totalRevenue": "7536923000", "costOfRevenue": "36217000", "costofGoodsAndServicesSold": "5937401000", "operatingIncome": "7467689000", "sellingGeneralAndAdministrative": "31704000", "researchAndDevelopment": "None", "operatingExpenses": "33017000", "investmentIncomeNet": "None", "netInterestIncome": "-40872000", "interestIncome": "17479000", "interestExpense": "40872000", "nonInterestIncome": "189303000", "otherNonOperatingIncome": "None", "depreciation": "None", "depreciationAndAmortization": "1313000", "incomeBeforeTax": "1078033000", "incomeTaxExpense": "176785000", "interestAndDebtExpense": "40872000", "netIncomeFromContinuingOperations": "7290904000", "comprehensiveIncomeNetOfTax": "7290904000", "ebit": "1118905000", "ebitda": "1120218000", "netIncome": "901248000"}, {"fiscalDateEnding": "2019-12-31", "reportedCurrency": "USD", "grossProfit": "7384464000", "totalRevenue": "7388664000", "costOfRevenue": "4200000", "costofGoodsAndServicesSold": "5850907000", "operatingIncome": "7384464000", "sellingGeneralAndAdministrative": "30991000", "researchAndDevelopment": "None", "operatingExpenses": "31373000", "investmentIncomeNet": "None", "netInterestIncome": "-25380000", "interestIncome": "32777000", "interestExpense": "25380000", "nonInterestIncome": "142753000", "otherNonOperatingIncome": "None", "depreciation": "None", "depreciationAndAmortization": "382000", "incomeBeforeTax": "1025795000", "incomeTaxExpense": "147256000", "interestAndDebtExpense": "25380000", "netIncomeFromContinuingOperations": "7237208000", "comprehensiveIncomeNetOfTax": "7237208000", "ebit": "1051175000", "ebitda": "1051557000", "netIncome": "878539000"}, {"fiscalDateEnding": "2018-12-31", "reportedCurrency": "USD", "grossProfit": "7107574000", "totalRevenue": "7163674000", "costOfRevenue": "56100000", "costofGoodsAndServicesSold": "5693172000", "operatingIncome": "7054674000", "sellingGeneralAndAdministrative": "52900000", "researchAndDevelopment": "None", "operatingExpenses": "52900000", "investmentIncomeNet": "None", "netInterestIncome": "-25081000", "interestIncome": "20181000", "interestExpense": "25081000", "nonInterestIncome": "137064000", "otherNonOperatingIncome": "None", "depreciation": "None", "depreciationAndAmortization": "20168000", "incomeBeforeTax": "959732000", "incomeTaxExpense": "162535000", "interestAndDebtExpense": "25081000", "netIncomeFromContinuingOperations": "6892139000", "comprehensiveIncomeNetOfTax": "6892139000", "ebit": "984813000", "ebitda": "1004981000", "netIncome": "797197000"}, {"fiscalDateEnding": "2017-12-31", "reportedCurrency": "USD", "grossProfit": "6253540000", "totalRevenue": "6305840000", "costOfRevenue": "52300000", "costofGoodsAndServicesSold": "4991526000", "operatingIncome": "6204140000", "sellingGeneralAndAdministrative": "49400000", "researchAndDevelopment": "None", "operatingExpenses": "49400000", "investmentIncomeNet": "None", "netInterestIncome": "-24185000", "interestIncome": "12404000", "interestExpense": "24185000", "nonInterestIncome": "104956000", "otherNonOperatingIncome": "None", "depreciation": "None", "depreciationAndAmortization": "22667000", "incomeBeforeTax": "846911000", "incomeTaxExpense": "309390000", "interestAndDebtExpense": "24185000", "netIncomeFromContinuingOperations": "5894750000", "comprehensiveIncomeNetOfTax": "5894750000", "ebit": "871096000", "ebitda": "893763000", "netIncome": "537521000"}, {"fiscalDateEnding": "2016-12-31", "reportedCurrency": "USD", "grossProfit": "5774701000", "totalRevenue": "5822544000", "costOfRevenue": "47843000", "costofGoodsAndServicesSold": "4708947000", "operatingIncome": "5728858000", "sellingGeneralAndAdministrative": "45843000", "researchAndDevelopment": "None", "operatingExpenses": "45843000", "investmentIncomeNet": "None", "netInterestIncome": "-21707000", "interestIncome": "8680000", "interestExpense": "21707000", "nonInterestIncome": "89721000", "otherNonOperatingIncome": "None", "depreciation": "None", "depreciationAndAmortization": "22269000", "incomeBeforeTax": "661697000", "incomeTaxExpense": "236435000", "interestAndDebtExpense": "21707000", "netIncomeFromContinuingOperations": "5492423000", "comprehensiveIncomeNetOfTax": "5492423000", "ebit": "683404000", "ebitda": "705673000", "netIncome": "425262000"}], "quarterlyReports": [{"fiscalDateEnding": "2021-09-30", "reportedCurrency": "USD", "grossProfit": "2387280000", "totalRevenue": "2395640000", "costOfRevenue": "8360000", "costofGoodsAndServicesSold": "1817939000", "operatingIncome": "2378920000", "sellingGeneralAndAdministrative": "7906000", "researchAndDevelopment": "None", "operatingExpenses": "8360000", "investmentIncomeNet": "None", "netInterestIncome": "-13243000", "interestIncome": "-13243000", "interestExpense": "13243000", "nonInterestIncome": "43806000", "otherNonOperatingIncome": "None", "depreciation": "None", "depreciationAndAmortization": "454000", "incomeBeforeTax": "434127000", "incomeTaxExpense": "102046000", "interestAndDebtExpense": "13243000", "netIncomeFromContinuingOperations": "332081000", "comprehensiveIncomeNetOfTax": "332081000", "ebit": "447370000", "ebitda": "447824000", "netIncome": "332081000"}, {"fiscalDateEnding": "2021-06-30", "reportedCurrency": "USD", "grossProfit": "2275242000", "totalRevenue": "2283598000", "costOfRevenue": "8356000", "costofGoodsAndServicesSold": "1721673000", "operatingIncome": "2266886000", "sellingGeneralAndAdministrative": "7911000", "researchAndDevelopment": "None", "operatingExpenses": "8356000", "investmentIncomeNet": "None", "netInterestIncome": "-13270000", "interestIncome": "-13270000", "interestExpense": "13270000", "nonInterestIncome": "49294000", "otherNonOperatingIncome": "None", "depreciation": "None", "depreciationAndAmortization": "445000", "incomeBeforeTax": "417465000", "incomeTaxExpense": "96170000", "interestAndDebtExpense": "13270000", "netIncomeFromContinuingOperations": "2170716000", "comprehensiveIncomeNetOfTax": "2170716000", "ebit": "430735000", "ebitda": "431180000", "netIncome": "321295000"}, {"fiscalDateEnding": "2021-03-31", "reportedCurrency": "USD", "grossProfit": "2033426000", "totalRevenue": "2041446000", "costOfRevenue": "8020000", "costofGoodsAndServicesSold": "1577453000", "operatingIncome": "2025406000", "sellingGeneralAndAdministrative": "7577000", "researchAndDevelopment": "None", "operatingExpenses": "8020000", "investmentIncomeNet": "None", "netInterestIncome": "-13397000", "interestIncome": "-13397000", "interestExpense": "13397000", "nonInterestIncome": "83681000", "otherNonOperatingIncome": "None", "depreciation": "None", "depreciationAndAmortization": "443000", "incomeBeforeTax": "312006000", "incomeTaxExpense": "63244000", "interestAndDebtExpense": "13397000", "netIncomeFromContinuingOperations": "1962162000", "comprehensiveIncomeNetOfTax": "1962162000", "ebit": "325403000", "ebitda": "325846000", "netIncome": "248762000"}, {"fiscalDateEnding": "2020-12-31", "reportedCurrency": "USD", "grossProfit": "2332214000", "totalRevenue": "2344015000", "costOfRevenue": "11801000", "costofGoodsAndServicesSold": "1822121000", "operatingIncome": "2323613000", "sellingGeneralAndAdministrative": "8162000", "researchAndDevelopment": "None", "operatingExpenses": "8601000", "investmentIncomeNet": "None", "netInterestIncome": "-13174000", "interestIncome": "-13174000", "interestExpense": "13174000", "nonInterestIncome": "76812000", "otherNonOperatingIncome": "None", "depreciation": "None", "depreciationAndAmortization": "439000", "incomeBeforeTax": "385370000", "incomeTaxExpense": "80366000", "interestAndDebtExpense": "13174000", "netIncomeFromContinuingOperations": "2243247000", "comprehensiveIncomeNetOfTax": "2243247000", "ebit": "398544000", "ebitda": "398983000", "netIncome": "305004000"}, {"fiscalDateEnding": "2020-09-30", "reportedCurrency": "USD", "grossProfit": "1981996000", "totalRevenue": "1990012000", "costOfRevenue": "8016000", "costofGoodsAndServicesSold": "1536044000", "operatingIncome": "1973980000", "sellingGeneralAndAdministrative": "7689000", "researchAndDevelopment": "None", "operatingExpenses": "8016000", "investmentIncomeNet": "None", "netInterestIncome": "-11687000", "interestIncome": "-11687000", "interestExpense": "11687000", "nonInterestIncome": "60509000", "otherNonOperatingIncome": "None", "depreciation": "None", "depreciationAndAmortization": "327000", "incomeBeforeTax": "321457000", "incomeTaxExpense": "64991000", "interestAndDebtExpense": "11687000", "netIncomeFromContinuingOperations": "1908989000", "comprehensiveIncomeNetOfTax": "1908989000", "ebit": "333144000", "ebitda": "333471000", "netIncome": "256466000"}, {"fiscalDateEnding": "2020-06-30", "reportedCurrency": "USD", "grossProfit": "1612145000", "totalRevenue": "1620368000", "costOfRevenue": "8223000", "costofGoodsAndServicesSold": "1284852000", "operatingIncome": "1603922000", "sellingGeneralAndAdministrative": "7942000", "researchAndDevelopment": "None", "operatingExpenses": "8223000", "investmentIncomeNet": "None", "netInterestIncome": "-9525000", "interestIncome": "-9525000", "interestExpense": "9525000", "nonInterestIncome": "30192000", "otherNonOperatingIncome": "None", "depreciation": "None", "depreciationAndAmortization": "281000", "incomeBeforeTax": "209831000", "incomeTaxExpense": "45756000", "interestAndDebtExpense": "9525000", "netIncomeFromContinuingOperations": "1558166000", "comprehensiveIncomeNetOfTax": "1558166000", "ebit": "219356000", "ebitda": "219637000", "netIncome": "164075000"}, {"fiscalDateEnding": "2020-03-31", "reportedCurrency": "USD", "grossProfit": "1574350000", "totalRevenue": "1582528000", "costOfRevenue": "8177000", "costofGoodsAndServicesSold": "1295015000", "operatingIncome": "1566173000", "sellingGeneralAndAdministrative": "7911000", "researchAndDevelopment": "None", "operatingExpenses": "8177000", "investmentIncomeNet": "None", "netInterestIncome": "-6486000", "interestIncome": "-6486000", "interestExpense": "6486000", "nonInterestIncome": "21790000", "otherNonOperatingIncome": "None", "depreciation": "None", "depreciationAndAmortization": "266000", "incomeBeforeTax": "161375000", "incomeTaxExpense": "-14328000", "interestAndDebtExpense": "6486000", "netIncomeFromContinuingOperations": "1580501000", "comprehensiveIncomeNetOfTax": "1580501000", "ebit": "167861000", "ebitda": "168127000", "netIncome": "175703000"}, {"fiscalDateEnding": "2019-12-31", "reportedCurrency": "USD", "grossProfit": "2010917000", "totalRevenue": "1990195000", "costOfRevenue": "-20722000", "costofGoodsAndServicesSold": "1567662000", "operatingIncome": "2035839000", "sellingGeneralAndAdministrative": "6215000", "researchAndDevelopment": "None", "operatingExpenses": "6451000", "investmentIncomeNet": "None", "netInterestIncome": "-6571000", "interestIncome": "-6571000", "interestExpense": "6571000", "nonInterestIncome": "29912000", "otherNonOperatingIncome": "None", "depreciation": "None", "depreciationAndAmortization": "236000", "incomeBeforeTax": "295302000", "incomeTaxExpense": "39165000", "interestAndDebtExpense": "6571000", "netIncomeFromContinuingOperations": "1996674000", "comprehensiveIncomeNetOfTax": "1996674000", "ebit": "301873000", "ebitda": "302109000", "netIncome": "256137000"}, {"fiscalDateEnding": "2019-09-30", "reportedCurrency": "USD", "grossProfit": "1902310000", "totalRevenue": "1911264000", "costOfRevenue": "8954000", "costofGoodsAndServicesSold": "1518561000", "operatingIncome": "1893356000", "sellingGeneralAndAdministrative": "8829000", "researchAndDevelopment": "None", "operatingExpenses": "8954000", "investmentIncomeNet": "None", "netInterestIncome": "-6293000", "interestIncome": "-6293000", "interestExpense": "6293000", "nonInterestIncome": "19060000", "otherNonOperatingIncome": "None", "depreciation": "None", "depreciationAndAmortization": "125000", "incomeBeforeTax": "267174000", "incomeTaxExpense": "43387000", "interestAndDebtExpense": "6293000", "netIncomeFromContinuingOperations": "1849969000", "comprehensiveIncomeNetOfTax": "1849969000", "ebit": "273467000", "ebitda": "273592000", "netIncome": "223787000"}, {"fiscalDateEnding": "2019-06-30", "reportedCurrency": "USD", "grossProfit": "1800194000", "totalRevenue": "1800194000", "costOfRevenue": "8408000", "costofGoodsAndServicesSold": "1425656000", "operatingIncome": "1800194000", "sellingGeneralAndAdministrative": "8387000", "researchAndDevelopment": "None", "operatingExpenses": "8408000", "investmentIncomeNet": "None", "netInterestIncome": "-6301000", "interestIncome": "-6301000", "interestExpense": "6301000", "nonInterestIncome": "35606000", "otherNonOperatingIncome": "None", "depreciation": "None", "depreciationAndAmortization": "21000", "incomeBeforeTax": "244712000", "incomeTaxExpense": "34503000", "interestAndDebtExpense": "6301000", "netIncomeFromContinuingOperations": "1765691000", "comprehensiveIncomeNetOfTax": "1765691000", "ebit": "251013000", "ebitda": "251034000", "netIncome": "210209000"}, {"fiscalDateEnding": "2019-03-31", "reportedCurrency": "USD", "grossProfit": "1687011000", "totalRevenue": "1687011000", "costOfRevenue": "7560000", "costofGoodsAndServicesSold": "1339028000", "operatingIncome": "1687011000", "sellingGeneralAndAdministrative": "7560000", "researchAndDevelopment": "None", "operatingExpenses": "7560000", "investmentIncomeNet": "None", "netInterestIncome": "-6215000", "interestIncome": "None", "interestExpense": "6215000", "nonInterestIncome": "58175000", "otherNonOperatingIncome": "None", "depreciation": "None", "depreciationAndAmortization": "0", "incomeBeforeTax": "218607000", "incomeTaxExpense": "30201000", "interestAndDebtExpense": "6215000", "netIncomeFromContinuingOperations": "1656810000", "comprehensiveIncomeNetOfTax": "1656810000", "ebit": "224822000", "ebitda": "224822000", "netIncome": "188406000"}, {"fiscalDateEnding": "2018-12-31", "reportedCurrency": "USD", "grossProfit": "1990138000", "totalRevenue": "1994548000", "costOfRevenue": "4410000", "costofGoodsAndServicesSold": "1590994000", "operatingIncome": "1988928000", "sellingGeneralAndAdministrative": "1210000", "researchAndDevelopment": "None", "operatingExpenses": "1210000", "investmentIncomeNet": "None", "netInterestIncome": "-6273000", "interestIncome": "None", "interestExpense": "6273000", "nonInterestIncome": "31018000", "otherNonOperatingIncome": "None", "depreciation": "None", "depreciationAndAmortization": "5115000", "incomeBeforeTax": "277438000", "incomeTaxExpense": "45280000", "interestAndDebtExpense": "6273000", "netIncomeFromContinuingOperations": "1943648000", "comprehensiveIncomeNetOfTax": "1943648000", "ebit": "283711000", "ebitda": "288826000", "netIncome": "232158000"}, {"fiscalDateEnding": "2018-09-30", "reportedCurrency": "USD", "grossProfit": "1828821000", "totalRevenue": "1852407000", "costOfRevenue": "23586000", "costofGoodsAndServicesSold": "1472878000", "operatingIncome": "1805235000", "sellingGeneralAndAdministrative": "23586000", "researchAndDevelopment": "None", "operatingExpenses": "23586000", "investmentIncomeNet": "None", "netInterestIncome": "-6197000", "interestIncome": "None", "interestExpense": "6197000", "nonInterestIncome": "31732000", "otherNonOperatingIncome": "None", "depreciation": "None", "depreciationAndAmortization": "5029000", "incomeBeforeTax": "249710000", "incomeTaxExpense": "53894000", "interestAndDebtExpense": "6197000", "netIncomeFromContinuingOperations": "1751341000", "comprehensiveIncomeNetOfTax": "1751341000", "ebit": "255907000", "ebitda": "260936000", "netIncome": "195816000"}, {"fiscalDateEnding": "2018-06-30", "reportedCurrency": "USD", "grossProfit": "1768710000", "totalRevenue": "1787305000", "costOfRevenue": "18595000", "costofGoodsAndServicesSold": "1417079000", "operatingIncome": "1750115000", "sellingGeneralAndAdministrative": "18595000", "researchAndDevelopment": "None", "operatingExpenses": "18595000", "investmentIncomeNet": "None", "netInterestIncome": "-6329000", "interestIncome": "None", "interestExpense": "6329000", "nonInterestIncome": "33156000", "otherNonOperatingIncome": "None", "depreciation": "None", "depreciationAndAmortization": "4988000", "incomeBeforeTax": "241586000", "incomeTaxExpense": "38412000", "interestAndDebtExpense": "6329000", "netIncomeFromContinuingOperations": "1711703000", "comprehensiveIncomeNetOfTax": "1711703000", "ebit": "247915000", "ebitda": "252903000", "netIncome": "203174000"}, {"fiscalDateEnding": "2018-03-31", "reportedCurrency": "USD", "grossProfit": "1529414000", "totalRevenue": "1529414000", "costOfRevenue": "9509000", "costofGoodsAndServicesSold": "1212221000", "operatingIncome": "1529414000", "sellingGeneralAndAdministrative": "9509000", "researchAndDevelopment": "None", "operatingExpenses": "9509000", "investmentIncomeNet": "None", "netInterestIncome": "-6282000", "interestIncome": "None", "interestExpense": "6282000", "nonInterestIncome": "41158000", "otherNonOperatingIncome": "None", "depreciation": "None", "depreciationAndAmortization": "5036000", "incomeBeforeTax": "190998000", "incomeTaxExpense": "24949000", "interestAndDebtExpense": "6282000", "netIncomeFromContinuingOperations": "1504465000", "comprehensiveIncomeNetOfTax": "1504465000", "ebit": "197280000", "ebitda": "202316000", "netIncome": "166049000"}, {"fiscalDateEnding": "2017-12-31", "reportedCurrency": "USD", "grossProfit": "1764036000", "totalRevenue": "1816336000", "costOfRevenue": "19622000", "costofGoodsAndServicesSold": "1438625000", "operatingIncome": "1714636000", "sellingGeneralAndAdministrative": "16722000", "researchAndDevelopment": "None", "operatingExpenses": "16722000", "investmentIncomeNet": "None", "netInterestIncome": "-6315000", "interestIncome": "None", "interestExpense": "6315000", "nonInterestIncome": "24467000", "otherNonOperatingIncome": "None", "depreciation": "None", "depreciationAndAmortization": "5580000", "incomeBeforeTax": "261318000", "incomeTaxExpense": "136699000", "interestAndDebtExpense": "6315000", "netIncomeFromContinuingOperations": "1577937000", "comprehensiveIncomeNetOfTax": "1577937000", "ebit": "267633000", "ebitda": "273213000", "netIncome": "124619000"}, {"fiscalDateEnding": "2017-09-30", "reportedCurrency": "USD", "grossProfit": "1667920000", "totalRevenue": "1667920000", "costOfRevenue": "11211000", "costofGoodsAndServicesSold": "1308270000", "operatingIncome": "1667920000", "sellingGeneralAndAdministrative": "11211000", "researchAndDevelopment": "None", "operatingExpenses": "11211000", "investmentIncomeNet": "None", "netInterestIncome": "-6120000", "interestIncome": "None", "interestExpense": "6120000", "nonInterestIncome": "27470000", "otherNonOperatingIncome": "None", "depreciation": "None", "depreciationAndAmortization": "5593000", "incomeBeforeTax": "244464000", "incomeTaxExpense": "82362000", "interestAndDebtExpense": "6120000", "netIncomeFromContinuingOperations": "1585558000", "comprehensiveIncomeNetOfTax": "1585558000", "ebit": "250584000", "ebitda": "256177000", "netIncome": "162102000"}, {"fiscalDateEnding": "2017-06-30", "reportedCurrency": "USD", "grossProfit": "1544492000", "totalRevenue": "1544492000", "costOfRevenue": "10878000", "costofGoodsAndServicesSold": "1218356000", "operatingIncome": "1544492000", "sellingGeneralAndAdministrative": "10878000", "researchAndDevelopment": "None", "operatingExpenses": "10878000", "investmentIncomeNet": "None", "netInterestIncome": "-5914000", "interestIncome": "None", "interestExpense": "5914000", "nonInterestIncome": "27619000", "otherNonOperatingIncome": "None", "depreciation": "None", "depreciationAndAmortization": "5795000", "incomeBeforeTax": "208968000", "incomeTaxExpense": "61091000", "interestAndDebtExpense": "5914000", "netIncomeFromContinuingOperations": "1483401000", "comprehensiveIncomeNetOfTax": "1483401000", "ebit": "214882000", "ebitda": "220677000", "netIncome": "147877000"}, {"fiscalDateEnding": "2017-03-31", "reportedCurrency": "USD", "grossProfit": "1277092000", "totalRevenue": "1277092000", "costOfRevenue": "10589000", "costofGoodsAndServicesSold": "1026275000", "operatingIncome": "1277092000", "sellingGeneralAndAdministrative": "10589000", "researchAndDevelopment": "None", "operatingExpenses": "10589000", "investmentIncomeNet": "None", "netInterestIncome": "-5836000", "interestIncome": "None", "interestExpense": "5836000", "nonInterestIncome": "25400000", "otherNonOperatingIncome": "None", "depreciation": "None", "depreciationAndAmortization": "5699000", "incomeBeforeTax": "132161000", "incomeTaxExpense": "29238000", "interestAndDebtExpense": "5836000", "netIncomeFromContinuingOperations": "1247854000", "comprehensiveIncomeNetOfTax": "1247854000", "ebit": "137997000", "ebitda": "143696000", "netIncome": "102923000"}, {"fiscalDateEnding": "2016-12-31", "reportedCurrency": "USD", "grossProfit": "1705960000", "totalRevenue": "1752766000", "costOfRevenue": "46806000", "costofGoodsAndServicesSold": "1413734000", "operatingIncome": "1661154000", "sellingGeneralAndAdministrative": "108050000", "researchAndDevelopment": "None", "operatingExpenses": "44806000", "investmentIncomeNet": "None", "netInterestIncome": "-6181000", "interestIncome": "None", "interestExpense": "6181000", "nonInterestIncome": "23828000", "otherNonOperatingIncome": "None", "depreciation": "None", "depreciationAndAmortization": "5678000", "incomeBeforeTax": "228662000", "incomeTaxExpense": "77771000", "interestAndDebtExpense": "6181000", "netIncomeFromContinuingOperations": "1583383000", "comprehensiveIncomeNetOfTax": "1583383000", "ebit": "234843000", "ebitda": "240521000", "netIncome": "150891000"}]}