{"symbol": "OGN", "annualReports": [{"fiscalDateEnding": "2020-12-31", "reportedCurrency": "USD", "grossProfit": "4749000000", "totalRevenue": "8096000000", "costOfRevenue": "3347000000", "costofGoodsAndServicesSold": "3347000000", "operatingIncome": "2779000000", "sellingGeneralAndAdministrative": "1666000000", "researchAndDevelopment": "304000000", "operatingExpenses": "1970000000", "investmentIncomeNet": "None", "netInterestIncome": "None", "interestIncome": "None", "interestExpense": "60000000", "nonInterestIncome": "None", "otherNonOperatingIncome": "None", "depreciation": "None", "depreciationAndAmortization": "157000000", "incomeBeforeTax": "2680000000", "incomeTaxExpense": "520000000", "interestAndDebtExpense": "None", "netIncomeFromContinuingOperations": "2160000000", "comprehensiveIncomeNetOfTax": "None", "ebit": "2680000000", "ebitda": "2837000000", "netIncome": "2160000000"}, {"fiscalDateEnding": "2019-12-31", "reportedCurrency": "USD", "grossProfit": "5909000000", "totalRevenue": "9530000000", "costOfRevenue": "3621000000", "costofGoodsAndServicesSold": "3621000000", "operatingIncome": "3655000000", "sellingGeneralAndAdministrative": "1922000000", "researchAndDevelopment": "332000000", "operatingExpenses": "2254000000", "investmentIncomeNet": "None", "netInterestIncome": "None", "interestIncome": "None", "interestExpense": "51000000", "nonInterestIncome": "None", "otherNonOperatingIncome": "None", "depreciation": "None", "depreciationAndAmortization": "354000000", "incomeBeforeTax": "3555000000", "incomeTaxExpense": "337000000", "interestAndDebtExpense": "None", "netIncomeFromContinuingOperations": "3218000000", "comprehensiveIncomeNetOfTax": "None", "ebit": "3555000000", "ebitda": "3909000000", "netIncome": "3218000000"}, {"fiscalDateEnding": "2018-12-31", "reportedCurrency": "USD", "grossProfit": "5084000000", "totalRevenue": "9777000000", "costOfRevenue": "4693000000", "costofGoodsAndServicesSold": "4693000000", "operatingIncome": "2706000000", "sellingGeneralAndAdministrative": "2013000000", "researchAndDevelopment": "365000000", "operatingExpenses": "2378000000", "investmentIncomeNet": "None", "netInterestIncome": "None", "interestIncome": "None", "interestExpense": "45000000", "nonInterestIncome": "None", "otherNonOperatingIncome": "None", "depreciation": "None", "depreciationAndAmortization": "1673000000", "incomeBeforeTax": "2729000000", "incomeTaxExpense": "576000000", "interestAndDebtExpense": "None", "netIncomeFromContinuingOperations": "2153000000", "comprehensiveIncomeNetOfTax": "None", "ebit": "2729000000", "ebitda": "4402000000", "netIncome": "2153000000"}, {"fiscalDateEnding": "2017-12-31", "reportedCurrency": "USD", "grossProfit": "5843000000", "totalRevenue": "10500000000", "costOfRevenue": "4657000000", "costofGoodsAndServicesSold": "4657000000", "operatingIncome": "3099000000", "sellingGeneralAndAdministrative": "2285000000", "researchAndDevelopment": "None", "operatingExpenses": "None", "investmentIncomeNet": "None", "netInterestIncome": "None", "interestIncome": "None", "interestExpense": "-21000000", "nonInterestIncome": "None", "otherNonOperatingIncome": "None", "depreciation": "None", "depreciationAndAmortization": "None", "incomeBeforeTax": "3099000000", "incomeTaxExpense": "1298000000", "interestAndDebtExpense": "None", "netIncomeFromContinuingOperations": "None", "comprehensiveIncomeNetOfTax": "None", "ebit": "3307000000", "ebitda": "None", "netIncome": "1801000000"}], "quarterlyReports": [{"fiscalDateEnding": "2021-09-30", "reportedCurrency": "USD", "grossProfit": "991000000", "totalRevenue": "1600000000", "costOfRevenue": "609000000", "costofGoodsAndServicesSold": "609000000", "operatingIncome": "492000000", "sellingGeneralAndAdministrative": "388000000", "researchAndDevelopment": "111000000", "operatingExpenses": "499000000", "investmentIncomeNet": "None", "netInterestIncome": "-98000000", "interestIncome": "None", "interestExpense": "98000000", "nonInterestIncome": "None", "otherNonOperatingIncome": "None", "depreciation": "None", "depreciationAndAmortization": "52000000", "incomeBeforeTax": "389000000", "incomeTaxExpense": "66000000", "interestAndDebtExpense": "None", "netIncomeFromContinuingOperations": "323000000", "comprehensiveIncomeNetOfTax": "None", "ebit": "487000000", "ebitda": "539000000", "netIncome": "323000000"}, {"fiscalDateEnding": "2021-06-30", "reportedCurrency": "USD", "grossProfit": "1012000000", "totalRevenue": "1595000000", "costOfRevenue": "583000000", "costofGoodsAndServicesSold": "583000000", "operatingIncome": "520000000", "sellingGeneralAndAdministrative": "416000000", "researchAndDevelopment": "76000000", "operatingExpenses": "492000000", "investmentIncomeNet": "None", "netInterestIncome": "-62000000", "interestIncome": "None", "interestExpense": "62000000", "nonInterestIncome": "None", "otherNonOperatingIncome": "None", "depreciation": "None", "depreciationAndAmortization": "43000000", "incomeBeforeTax": "437000000", "incomeTaxExpense": "6000000", "interestAndDebtExpense": "None", "netIncomeFromContinuingOperations": "431000000", "comprehensiveIncomeNetOfTax": "None", "ebit": "495000000", "ebitda": "538000000", "netIncome": "427000000"}, {"fiscalDateEnding": "2021-03-31", "reportedCurrency": "USD", "grossProfit": "915000000", "totalRevenue": "1506000000", "costOfRevenue": "591000000", "costofGoodsAndServicesSold": "591000000", "operatingIncome": "466000000", "sellingGeneralAndAdministrative": "382000000", "researchAndDevelopment": "67000000", "operatingExpenses": "449000000", "investmentIncomeNet": "None", "netInterestIncome": "None", "interestIncome": "None", "interestExpense": "-4000000", "nonInterestIncome": "None", "otherNonOperatingIncome": "None", "depreciation": "None", "depreciationAndAmortization": "38000000", "incomeBeforeTax": "467000000", "incomeTaxExpense": "72000000", "interestAndDebtExpense": "None", "netIncomeFromContinuingOperations": "395000000", "comprehensiveIncomeNetOfTax": "None", "ebit": "471000000", "ebitda": "509000000", "netIncome": "399000000"}, {"fiscalDateEnding": "2020-12-31", "reportedCurrency": "USD", "grossProfit": "1363000000", "totalRevenue": "3177000000", "costOfRevenue": "1814000000", "costofGoodsAndServicesSold": "1814000000", "operatingIncome": "465000000", "sellingGeneralAndAdministrative": "744000000", "researchAndDevelopment": "154000000", "operatingExpenses": "2712000000", "investmentIncomeNet": "None", "netInterestIncome": "None", "interestIncome": "None", "interestExpense": "None", "nonInterestIncome": "None", "otherNonOperatingIncome": "None", "depreciation": "None", "depreciationAndAmortization": "None", "incomeBeforeTax": "453000000", "incomeTaxExpense": "None", "interestAndDebtExpense": "None", "netIncomeFromContinuingOperations": "280000000", "comprehensiveIncomeNetOfTax": "None", "ebit": "None", "ebitda": "602000000", "netIncome": "368000000"}, {"fiscalDateEnding": "2020-09-30", "reportedCurrency": "USD", "grossProfit": "1078000000", "totalRevenue": "1613000000", "costOfRevenue": "535000000", "costofGoodsAndServicesSold": "535000000", "operatingIncome": "703000000", "sellingGeneralAndAdministrative": "321000000", "researchAndDevelopment": "54000000", "operatingExpenses": "910000000", "investmentIncomeNet": "None", "netInterestIncome": "0", "interestIncome": "None", "interestExpense": "0", "nonInterestIncome": "None", "otherNonOperatingIncome": "None", "depreciation": "None", "depreciationAndAmortization": "None", "incomeBeforeTax": "681000000", "incomeTaxExpense": "121000000", "interestAndDebtExpense": "None", "netIncomeFromContinuingOperations": "560000000", "comprehensiveIncomeNetOfTax": "None", "ebit": "703000000", "ebitda": "721000000", "netIncome": "547000000"}, {"fiscalDateEnding": "2020-06-30", "reportedCurrency": "USD", "grossProfit": "1066000000", "totalRevenue": "1526000000", "costOfRevenue": "460000000", "costofGoodsAndServicesSold": "460000000", "operatingIncome": "731000000", "sellingGeneralAndAdministrative": "284000000", "researchAndDevelopment": "51000000", "operatingExpenses": "335000000", "investmentIncomeNet": "None", "netInterestIncome": "0", "interestIncome": "None", "interestExpense": "0", "nonInterestIncome": "None", "otherNonOperatingIncome": "None", "depreciation": "None", "depreciationAndAmortization": "34000000", "incomeBeforeTax": "702000000", "incomeTaxExpense": "116000000", "interestAndDebtExpense": "None", "netIncomeFromContinuingOperations": "586000000", "comprehensiveIncomeNetOfTax": "None", "ebit": "658000000", "ebitda": "692000000", "netIncome": "542000000"}, {"fiscalDateEnding": "2020-03-31", "reportedCurrency": "USD", "grossProfit": "1242000000", "totalRevenue": "1780000000", "costOfRevenue": "538000000", "costofGoodsAndServicesSold": "538000000", "operatingIncome": "880000000", "sellingGeneralAndAdministrative": "317000000", "researchAndDevelopment": "45000000", "operatingExpenses": "362000000", "investmentIncomeNet": "None", "netInterestIncome": "None", "interestIncome": "None", "interestExpense": "None", "nonInterestIncome": "None", "otherNonOperatingIncome": "None", "depreciation": "None", "depreciationAndAmortization": "33000000", "incomeBeforeTax": "844000000", "incomeTaxExpense": "110000000", "interestAndDebtExpense": "None", "netIncomeFromContinuingOperations": "734000000", "comprehensiveIncomeNetOfTax": "None", "ebit": "813000000", "ebitda": "846000000", "netIncome": "703000000"}]}