{"symbol": "OXY", "annualReports": [{"fiscalDateEnding": "2020-12-31", "reportedCurrency": "USD", "grossProfit": "13939000000", "totalRevenue": "17809000000", "costOfRevenue": "3870000000", "costofGoodsAndServicesSold": "2408000000", "operatingIncome": "11461000000", "sellingGeneralAndAdministrative": "864000000", "researchAndDevelopment": "None", "operatingExpenses": "2478000000", "investmentIncomeNet": "None", "netInterestIncome": "69000000", "interestIncome": "-3143000000", "interestExpense": "-69000000", "nonInterestIncome": "16707000000", "otherNonOperatingIncome": "-53000000", "depreciation": "None", "depreciationAndAmortization": "29000000", "incomeBeforeTax": "-17003000000", "incomeTaxExpense": "-2172000000", "interestAndDebtExpense": "1424000000", "netIncomeFromContinuingOperations": "-13533000000", "comprehensiveIncomeNetOfTax": "-14898000000", "ebit": "-17072000000", "ebitda": "-17043000000", "netIncome": "-14831000000"}, {"fiscalDateEnding": "2019-12-31", "reportedCurrency": "USD", "grossProfit": "13553000000", "totalRevenue": "20911000000", "costOfRevenue": "6840000000", "costofGoodsAndServicesSold": "2791000000", "operatingIncome": "7833000000", "sellingGeneralAndAdministrative": "893000000", "researchAndDevelopment": "None", "operatingExpenses": "5720000000", "investmentIncomeNet": "None", "netInterestIncome": "83000000", "interestIncome": "217000000", "interestExpense": "-83000000", "nonInterestIncome": "18907000000", "otherNonOperatingIncome": "606000000", "depreciation": "None", "depreciationAndAmortization": "19000000", "incomeBeforeTax": "-124000000", "incomeTaxExpense": "861000000", "interestAndDebtExpense": "1066000000", "netIncomeFromContinuingOperations": "-507000000", "comprehensiveIncomeNetOfTax": "-716000000", "ebit": "-207000000", "ebitda": "-188000000", "netIncome": "-985000000"}, {"fiscalDateEnding": "2018-12-31", "reportedCurrency": "USD", "grossProfit": "10667000000", "totalRevenue": "17824000000", "costOfRevenue": "4893000000", "costofGoodsAndServicesSold": "2833000000", "operatingIncome": "9640000000", "sellingGeneralAndAdministrative": "585000000", "researchAndDevelopment": "None", "operatingExpenses": "1027000000", "investmentIncomeNet": "None", "netInterestIncome": "46000000", "interestIncome": "136000000", "interestExpense": "-46000000", "nonInterestIncome": "17824000000", "otherNonOperatingIncome": "331000000", "depreciation": "None", "depreciationAndAmortization": "None", "incomeBeforeTax": "5608000000", "incomeTaxExpense": "1477000000", "interestAndDebtExpense": "389000000", "netIncomeFromContinuingOperations": "4131000000", "comprehensiveIncomeNetOfTax": "4275000000", "ebit": "5562000000", "ebitda": "5997000000", "netIncome": "4131000000"}, {"fiscalDateEnding": "2017-12-31", "reportedCurrency": "USD", "grossProfit": "7703000000", "totalRevenue": "12508000000", "costOfRevenue": "4857000000", "costofGoodsAndServicesSold": "2938000000", "operatingIncome": "6764000000", "sellingGeneralAndAdministrative": "739000000", "researchAndDevelopment": "None", "operatingExpenses": "939000000", "investmentIncomeNet": "None", "netInterestIncome": "52000000", "interestIncome": "99000000", "interestExpense": "-52000000", "nonInterestIncome": "12508000000", "otherNonOperatingIncome": "357000000", "depreciation": "None", "depreciationAndAmortization": "None", "incomeBeforeTax": "1328000000", "incomeTaxExpense": "17000000", "interestAndDebtExpense": "345000000", "netIncomeFromContinuingOperations": "1311000000", "comprehensiveIncomeNetOfTax": "1319000000", "ebit": "1276000000", "ebitda": "1673000000", "netIncome": "1311000000"}, {"fiscalDateEnding": "2016-12-31", "reportedCurrency": "USD", "grossProfit": "4866000000", "totalRevenue": "10154000000", "costOfRevenue": "5288000000", "costofGoodsAndServicesSold": "4266000000", "operatingIncome": "3782000000", "sellingGeneralAndAdministrative": "930000000", "researchAndDevelopment": "None", "operatingExpenses": "1084000000", "investmentIncomeNet": "None", "netInterestIncome": "64000000", "interestIncome": "106000000", "interestExpense": "-64000000", "nonInterestIncome": "10090000000", "otherNonOperatingIncome": "181000000", "depreciation": "None", "depreciationAndAmortization": "None", "incomeBeforeTax": "-1236000000", "incomeTaxExpense": "-662000000", "interestAndDebtExpense": "292000000", "netIncomeFromContinuingOperations": "-1002000000", "comprehensiveIncomeNetOfTax": "-533000000", "ebit": "-1300000000", "ebitda": "-944000000", "netIncome": "-574000000"}], "quarterlyReports": [{"fiscalDateEnding": "2021-09-30", "reportedCurrency": "USD", "grossProfit": "5792000000", "totalRevenue": "6792000000", "costOfRevenue": "1000000000", "costofGoodsAndServicesSold": "731000000", "operatingIncome": "5236000000", "sellingGeneralAndAdministrative": "240000000", "researchAndDevelopment": "None", "operatingExpenses": "556000000", "investmentIncomeNet": "None", "netInterestIncome": "-431000000", "interestIncome": "-307000000", "interestExpense": "449000000", "nonInterestIncome": "6854000000", "otherNonOperatingIncome": "137000000", "depreciation": "None", "depreciationAndAmortization": "1916000000", "incomeBeforeTax": "1215000000", "incomeTaxExpense": "387000000", "interestAndDebtExpense": "449000000", "netIncomeFromContinuingOperations": "830000000", "comprehensiveIncomeNetOfTax": "784000000", "ebit": "5236000000", "ebitda": "3580000000", "netIncome": "828000000"}, {"fiscalDateEnding": "2021-06-30", "reportedCurrency": "USD", "grossProfit": "5053000000", "totalRevenue": "5958000000", "costOfRevenue": "905000000", "costofGoodsAndServicesSold": "676000000", "operatingIncome": "4490000000", "sellingGeneralAndAdministrative": "177000000", "researchAndDevelopment": "None", "operatingExpenses": "563000000", "investmentIncomeNet": "None", "netInterestIncome": "-336000000", "interestIncome": "49000000", "interestExpense": "385000000", "nonInterestIncome": "5879000000", "otherNonOperatingIncome": "-44000000", "depreciation": "None", "depreciationAndAmortization": "2371000000", "incomeBeforeTax": "146000000", "incomeTaxExpense": "43000000", "interestAndDebtExpense": "385000000", "netIncomeFromContinuingOperations": "100000000", "comprehensiveIncomeNetOfTax": "100000000", "ebit": "4490000000", "ebitda": "2902000000", "netIncome": "103000000"}, {"fiscalDateEnding": "2021-03-31", "reportedCurrency": "USD", "grossProfit": "4492000000", "totalRevenue": "5293000000", "costOfRevenue": "801000000", "costofGoodsAndServicesSold": "594000000", "operatingIncome": "3999000000", "sellingGeneralAndAdministrative": "166000000", "researchAndDevelopment": "None", "operatingExpenses": "493000000", "investmentIncomeNet": "None", "netInterestIncome": "-320000000", "interestIncome": "75000000", "interestExpense": "395000000", "nonInterestIncome": "5583000000", "otherNonOperatingIncome": "520000000", "depreciation": "None", "depreciationAndAmortization": "2194000000", "incomeBeforeTax": "-130000000", "incomeTaxExpense": "16000000", "interestAndDebtExpense": "395000000", "netIncomeFromContinuingOperations": "299000000", "comprehensiveIncomeNetOfTax": "-93000000", "ebit": "3999000000", "ebitda": "2459000000", "netIncome": "-146000000"}, {"fiscalDateEnding": "2020-12-31", "reportedCurrency": "USD", "grossProfit": "3068000000", "totalRevenue": "4160000000", "costOfRevenue": "1092000000", "costofGoodsAndServicesSold": "601000000", "operatingIncome": "2202000000", "sellingGeneralAndAdministrative": "209000000", "researchAndDevelopment": "None", "operatingExpenses": "866000000", "investmentIncomeNet": "None", "netInterestIncome": "78000000", "interestIncome": "-914000000", "interestExpense": "-78000000", "nonInterestIncome": "4704000000", "otherNonOperatingIncome": "337000000", "depreciation": "None", "depreciationAndAmortization": "15000000", "incomeBeforeTax": "-1388000000", "incomeTaxExpense": "-276000000", "interestAndDebtExpense": "409000000", "netIncomeFromContinuingOperations": "-1149000000", "comprehensiveIncomeNetOfTax": "-1117000000", "ebit": "-1466000000", "ebitda": "-1451000000", "netIncome": "-1112000000"}, {"fiscalDateEnding": "2020-09-30", "reportedCurrency": "USD", "grossProfit": "3314000000", "totalRevenue": "4108000000", "costOfRevenue": "794000000", "costofGoodsAndServicesSold": "618000000", "operatingIncome": "2878000000", "sellingGeneralAndAdministrative": "166000000", "researchAndDevelopment": "None", "operatingExpenses": "436000000", "investmentIncomeNet": "None", "netInterestIncome": "-3000000", "interestIncome": "-988000000", "interestExpense": "3000000", "nonInterestIncome": "4106000000", "otherNonOperatingIncome": "211000000", "depreciation": "None", "depreciationAndAmortization": "5000000", "incomeBeforeTax": "-3978000000", "incomeTaxExpense": "-403000000", "interestAndDebtExpense": "353000000", "netIncomeFromContinuingOperations": "-3655000000", "comprehensiveIncomeNetOfTax": "-3546000000", "ebit": "-3975000000", "ebitda": "-3970000000", "netIncome": "-3575000000"}, {"fiscalDateEnding": "2020-06-30", "reportedCurrency": "USD", "grossProfit": "-6630000000", "totalRevenue": "2928000000", "costOfRevenue": "9558000000", "costofGoodsAndServicesSold": "577000000", "operatingIncome": "-15758000000", "sellingGeneralAndAdministrative": "225000000", "researchAndDevelopment": "None", "operatingExpenses": "9128000000", "investmentIncomeNet": "None", "netInterestIncome": "-3000000", "interestIncome": "33000000", "interestExpense": "3000000", "nonInterestIncome": "3232000000", "otherNonOperatingIncome": "117000000", "depreciation": "None", "depreciationAndAmortization": "7000000", "incomeBeforeTax": "-9821000000", "incomeTaxExpense": "-1468000000", "interestAndDebtExpense": "310000000", "netIncomeFromContinuingOperations": "-6716000000", "comprehensiveIncomeNetOfTax": "-8109000000", "ebit": "-9818000000", "ebitda": "-9811000000", "netIncome": "-8353000000"}, {"fiscalDateEnding": "2020-03-31", "reportedCurrency": "USD", "grossProfit": "4168000000", "totalRevenue": "6613000000", "costOfRevenue": "2242000000", "costofGoodsAndServicesSold": "612000000", "operatingIncome": "2306000000", "sellingGeneralAndAdministrative": "264000000", "researchAndDevelopment": "None", "operatingExpenses": "1862000000", "investmentIncomeNet": "None", "netInterestIncome": "-3000000", "interestIncome": "34000000", "interestExpense": "3000000", "nonInterestIncome": "4462000000", "otherNonOperatingIncome": "-718000000", "depreciation": "None", "depreciationAndAmortization": "4000000", "incomeBeforeTax": "-2257000000", "incomeTaxExpense": "-25000000", "interestAndDebtExpense": "352000000", "netIncomeFromContinuingOperations": "-2013000000", "comprehensiveIncomeNetOfTax": "-2126000000", "ebit": "-2254000000", "ebitda": "-2250000000", "netIncome": "-2232000000"}, {"fiscalDateEnding": "2019-12-31", "reportedCurrency": "USD", "grossProfit": "4660000000", "totalRevenue": "6628000000", "costOfRevenue": "3336000000", "costofGoodsAndServicesSold": "745000000", "operatingIncome": "1393000000", "sellingGeneralAndAdministrative": "345000000", "researchAndDevelopment": "None", "operatingExpenses": "3417000000", "investmentIncomeNet": "None", "netInterestIncome": "206000000", "interestIncome": "42000000", "interestExpense": "-206000000", "nonInterestIncome": "4679000000", "otherNonOperatingIncome": "365000000", "depreciation": "None", "depreciationAndAmortization": "8000000", "incomeBeforeTax": "-1172000000", "incomeTaxExpense": "167000000", "interestAndDebtExpense": "434000000", "netIncomeFromContinuingOperations": "-1036000000", "comprehensiveIncomeNetOfTax": "-1028000000", "ebit": "-1378000000", "ebitda": "-1370000000", "netIncome": "-1339000000"}, {"fiscalDateEnding": "2019-09-30", "reportedCurrency": "USD", "grossProfit": "3363000000", "totalRevenue": "5859000000", "costOfRevenue": "1868000000", "costofGoodsAndServicesSold": "741000000", "operatingIncome": "1810000000", "sellingGeneralAndAdministrative": "245000000", "researchAndDevelopment": "None", "operatingExpenses": "1553000000", "investmentIncomeNet": "None", "netInterestIncome": "-66000000", "interestIncome": "56000000", "interestExpense": "66000000", "nonInterestIncome": "5654000000", "otherNonOperatingIncome": "71000000", "depreciation": "None", "depreciationAndAmortization": "5000000", "incomeBeforeTax": "-749000000", "incomeTaxExpense": "163000000", "interestAndDebtExpense": "381000000", "netIncomeFromContinuingOperations": "-737000000", "comprehensiveIncomeNetOfTax": "-942000000", "ebit": "-683000000", "ebitda": "-678000000", "netIncome": "-912000000"}, {"fiscalDateEnding": "2019-06-30", "reportedCurrency": "USD", "grossProfit": "2861000000", "totalRevenue": "4420000000", "costOfRevenue": "1559000000", "costofGoodsAndServicesSold": "636000000", "operatingIncome": "2653000000", "sellingGeneralAndAdministrative": "163000000", "researchAndDevelopment": "None", "operatingExpenses": "208000000", "investmentIncomeNet": "None", "netInterestIncome": "-112000000", "interestIncome": "41000000", "interestExpense": "0", "nonInterestIncome": "3731000000", "otherNonOperatingIncome": "97000000", "depreciation": "None", "depreciationAndAmortization": "None", "incomeBeforeTax": "941000000", "incomeTaxExpense": "306000000", "interestAndDebtExpense": "153000000", "netIncomeFromContinuingOperations": "635000000", "comprehensiveIncomeNetOfTax": "619000000", "ebit": "941000000", "ebitda": "1094000000", "netIncome": "635000000"}, {"fiscalDateEnding": "2019-03-31", "reportedCurrency": "USD", "grossProfit": "1979000000", "totalRevenue": "4004000000", "costOfRevenue": "1456000000", "costofGoodsAndServicesSold": "669000000", "operatingIncome": "1832000000", "sellingGeneralAndAdministrative": "140000000", "researchAndDevelopment": "None", "operatingExpenses": "140000000", "investmentIncomeNet": "None", "netInterestIncome": "-20000000", "interestIncome": "-151000000", "interestExpense": "0", "nonInterestIncome": "4011000000", "otherNonOperatingIncome": "73000000", "depreciation": "None", "depreciationAndAmortization": "None", "incomeBeforeTax": "856000000", "incomeTaxExpense": "225000000", "interestAndDebtExpense": "98000000", "netIncomeFromContinuingOperations": "631000000", "comprehensiveIncomeNetOfTax": "635000000", "ebit": "856000000", "ebitda": "954000000", "netIncome": "631000000"}, {"fiscalDateEnding": "2018-12-31", "reportedCurrency": "USD", "grossProfit": "-2062000000", "totalRevenue": "6011000000", "costOfRevenue": "4560000000", "costofGoodsAndServicesSold": "705000000", "operatingIncome": "-2696000000", "sellingGeneralAndAdministrative": "252000000", "researchAndDevelopment": "None", "operatingExpenses": "1603000000", "investmentIncomeNet": "None", "netInterestIncome": "None", "interestIncome": "None", "interestExpense": "99000000", "nonInterestIncome": "5042000000", "otherNonOperatingIncome": "-866000000", "depreciation": "None", "depreciationAndAmortization": "None", "incomeBeforeTax": "832000000", "incomeTaxExpense": "126000000", "interestAndDebtExpense": "99000000", "netIncomeFromContinuingOperations": "706000000", "comprehensiveIncomeNetOfTax": "689000000", "ebit": "-2696000000", "ebitda": "931000000", "netIncome": "706000000"}, {"fiscalDateEnding": "2018-09-30", "reportedCurrency": "USD", "grossProfit": "5106000000", "totalRevenue": "4257000000", "costOfRevenue": "110000000", "costofGoodsAndServicesSold": "722000000", "operatingIncome": "4972000000", "sellingGeneralAndAdministrative": "110000000", "researchAndDevelopment": "None", "operatingExpenses": "-792000000", "investmentIncomeNet": "None", "netInterestIncome": "None", "interestIncome": "None", "interestExpense": "96000000", "nonInterestIncome": "5183000000", "otherNonOperatingIncome": "1013000000", "depreciation": "None", "depreciationAndAmortization": "None", "incomeBeforeTax": "2579000000", "incomeTaxExpense": "710000000", "interestAndDebtExpense": "96000000", "netIncomeFromContinuingOperations": "1869000000", "comprehensiveIncomeNetOfTax": "2022000000", "ebit": "4972000000", "ebitda": "2675000000", "netIncome": "1869000000"}, {"fiscalDateEnding": "2018-06-30", "reportedCurrency": "USD", "grossProfit": "3968000000", "totalRevenue": "4083000000", "costOfRevenue": "115000000", "costofGoodsAndServicesSold": "1365000000", "operatingIncome": "3832000000", "sellingGeneralAndAdministrative": "115000000", "researchAndDevelopment": "None", "operatingExpenses": "126000000", "investmentIncomeNet": "None", "netInterestIncome": "None", "interestIncome": "None", "interestExpense": "97000000", "nonInterestIncome": "3841000000", "otherNonOperatingIncome": "88000000", "depreciation": "None", "depreciationAndAmortization": "None", "incomeBeforeTax": "1150000000", "incomeTaxExpense": "302000000", "interestAndDebtExpense": "97000000", "netIncomeFromContinuingOperations": "848000000", "comprehensiveIncomeNetOfTax": "852000000", "ebit": "3832000000", "ebitda": "1247000000", "netIncome": "848000000"}, {"fiscalDateEnding": "2018-03-31", "reportedCurrency": "USD", "grossProfit": "3655000000", "totalRevenue": "3694000000", "costOfRevenue": "108000000", "costofGoodsAndServicesSold": "1350000000", "operatingIncome": "3532000000", "sellingGeneralAndAdministrative": "108000000", "researchAndDevelopment": "None", "operatingExpenses": "90000000", "investmentIncomeNet": "None", "netInterestIncome": "None", "interestIncome": "None", "interestExpense": "97000000", "nonInterestIncome": "3727000000", "otherNonOperatingIncome": "96000000", "depreciation": "None", "depreciationAndAmortization": "None", "incomeBeforeTax": "1047000000", "incomeTaxExpense": "339000000", "interestAndDebtExpense": "97000000", "netIncomeFromContinuingOperations": "708000000", "comprehensiveIncomeNetOfTax": "712000000", "ebit": "3532000000", "ebitda": "1144000000", "netIncome": "708000000"}, {"fiscalDateEnding": "2017-12-31", "reportedCurrency": "USD", "grossProfit": "-1682000000", "totalRevenue": "3492000000", "costOfRevenue": "4628000000", "costofGoodsAndServicesSold": "2401000000", "operatingIncome": "-2365000000", "sellingGeneralAndAdministrative": "518000000", "researchAndDevelopment": "None", "operatingExpenses": "1281000000", "investmentIncomeNet": "None", "netInterestIncome": "None", "interestIncome": "None", "interestExpense": "87000000", "nonInterestIncome": "11910000000", "otherNonOperatingIncome": "-518000000", "depreciation": "None", "depreciationAndAmortization": "None", "incomeBeforeTax": "66000000", "incomeTaxExpense": "-431000000", "interestAndDebtExpense": "87000000", "netIncomeFromContinuingOperations": "497000000", "comprehensiveIncomeNetOfTax": "477000000", "ebit": "-2365000000", "ebitda": "153000000", "netIncome": "497000000"}, {"fiscalDateEnding": "2017-09-30", "reportedCurrency": "USD", "grossProfit": "3009000000", "totalRevenue": "2999000000", "costOfRevenue": "76000000", "costofGoodsAndServicesSold": "2352000000", "operatingIncome": "2925000000", "sellingGeneralAndAdministrative": "76000000", "researchAndDevelopment": "None", "operatingExpenses": "-2000000", "investmentIncomeNet": "None", "netInterestIncome": "None", "interestIncome": "None", "interestExpense": "91000000", "nonInterestIncome": "86000000", "otherNonOperatingIncome": "146000000", "depreciation": "None", "depreciationAndAmortization": "None", "incomeBeforeTax": "275000000", "incomeTaxExpense": "85000000", "interestAndDebtExpense": "91000000", "netIncomeFromContinuingOperations": "190000000", "comprehensiveIncomeNetOfTax": "204000000", "ebit": "2925000000", "ebitda": "366000000", "netIncome": "190000000"}, {"fiscalDateEnding": "2017-06-30", "reportedCurrency": "USD", "grossProfit": "3495000000", "totalRevenue": "3060000000", "costOfRevenue": "77000000", "costofGoodsAndServicesSold": "2475000000", "operatingIncome": "3410000000", "sellingGeneralAndAdministrative": "77000000", "researchAndDevelopment": "None", "operatingExpenses": "-427000000", "investmentIncomeNet": "None", "netInterestIncome": "None", "interestIncome": "None", "interestExpense": "86000000", "nonInterestIncome": "512000000", "otherNonOperatingIncome": "699000000", "depreciation": "None", "depreciationAndAmortization": "None", "incomeBeforeTax": "792000000", "incomeTaxExpense": "285000000", "interestAndDebtExpense": "86000000", "netIncomeFromContinuingOperations": "507000000", "comprehensiveIncomeNetOfTax": "508000000", "ebit": "3410000000", "ebitda": "878000000", "netIncome": "507000000"}, {"fiscalDateEnding": "2017-03-31", "reportedCurrency": "USD", "grossProfit": "2889000000", "totalRevenue": "2957000000", "costOfRevenue": "68000000", "costofGoodsAndServicesSold": "2368000000", "operatingIncome": "2810000000", "sellingGeneralAndAdministrative": "68000000", "researchAndDevelopment": "None", "operatingExpenses": "79000000", "investmentIncomeNet": "None", "netInterestIncome": "None", "interestIncome": "None", "interestExpense": "81000000", "nonInterestIncome": "0", "otherNonOperatingIncome": "30000000", "depreciation": "None", "depreciationAndAmortization": "None", "incomeBeforeTax": "195000000", "incomeTaxExpense": "78000000", "interestAndDebtExpense": "81000000", "netIncomeFromContinuingOperations": "117000000", "comprehensiveIncomeNetOfTax": "130000000", "ebit": "2810000000", "ebitda": "276000000", "netIncome": "117000000"}, {"fiscalDateEnding": "2016-12-31", "reportedCurrency": "USD", "grossProfit": "-2463000000", "totalRevenue": "2582000000", "costOfRevenue": "5045000000", "costofGoodsAndServicesSold": "2376000000", "operatingIncome": "-3259000000", "sellingGeneralAndAdministrative": "720000000", "researchAndDevelopment": "None", "operatingExpenses": "994000000", "investmentIncomeNet": "None", "netInterestIncome": "None", "interestIncome": "None", "interestExpense": "76000000", "nonInterestIncome": "9892000000", "otherNonOperatingIncome": "39000000", "depreciation": "None", "depreciationAndAmortization": "None", "incomeBeforeTax": "-605000000", "incomeTaxExpense": "-333000000", "interestAndDebtExpense": "76000000", "netIncomeFromContinuingOperations": "-268000000", "comprehensiveIncomeNetOfTax": "-244000000", "ebit": "-3259000000", "ebitda": "-529000000", "netIncome": "-272000000"}]}