{"symbol": "PBCT", "annualReports": [{"fiscalDateEnding": "2020-12-31", "reportedCurrency": "USD", "grossProfit": "278100000", "totalRevenue": "1998000000", "costOfRevenue": "1719900000", "costofGoodsAndServicesSold": "None", "operatingIncome": "-113900000", "sellingGeneralAndAdministrative": "348600000", "researchAndDevelopment": "None", "operatingExpenses": "316100000", "investmentIncomeNet": "None", "netInterestIncome": "1575800000", "interestIncome": "1815000000", "interestExpense": "239200000", "nonInterestIncome": "492700000", "otherNonOperatingIncome": "None", "depreciation": "43400000", "depreciationAndAmortization": "43400000", "incomeBeforeTax": "348600000", "incomeTaxExpense": "129000000", "interestAndDebtExpense": "239200000", "netIncomeFromContinuingOperations": "219600000", "comprehensiveIncomeNetOfTax": "297300000", "ebit": "587800000", "ebitda": "631200000", "netIncome": "219600000"}, {"fiscalDateEnding": "2019-12-31", "reportedCurrency": "USD", "grossProfit": "676700000", "totalRevenue": "1867700000", "costOfRevenue": "1191000000", "costofGoodsAndServicesSold": "None", "operatingIncome": "305100000", "sellingGeneralAndAdministrative": "284100000", "researchAndDevelopment": "None", "operatingExpenses": "322500000", "investmentIncomeNet": "None", "netInterestIncome": "1412300000", "interestIncome": "1881100000", "interestExpense": "468800000", "nonInterestIncome": "431100000", "otherNonOperatingIncome": "None", "depreciation": "41700000", "depreciationAndAmortization": "41700000", "incomeBeforeTax": "652400000", "incomeTaxExpense": "132000000", "interestAndDebtExpense": "468800000", "netIncomeFromContinuingOperations": "520400000", "comprehensiveIncomeNetOfTax": "610300000", "ebit": "1121200000", "ebitda": "1162900000", "netIncome": "520400000"}, {"fiscalDateEnding": "2018-12-31", "reportedCurrency": "USD", "grossProfit": "546300000", "totalRevenue": "1572400000", "costOfRevenue": "1026100000", "costofGoodsAndServicesSold": "350300000", "operatingIncome": "188600000", "sellingGeneralAndAdministrative": "310000000", "researchAndDevelopment": "None", "operatingExpenses": "346300000", "investmentIncomeNet": "342000000", "netInterestIncome": "1236000000", "interestIncome": "1556300000", "interestExpense": "320300000", "nonInterestIncome": "366400000", "otherNonOperatingIncome": "None", "depreciation": "36300000", "depreciationAndAmortization": "36300000", "incomeBeforeTax": "576300000", "incomeTaxExpense": "108200000", "interestAndDebtExpense": "320300000", "netIncomeFromContinuingOperations": "468100000", "comprehensiveIncomeNetOfTax": "430300000", "ebit": "896600000", "ebitda": "932900000", "netIncome": "468100000"}, {"fiscalDateEnding": "2017-12-31", "reportedCurrency": "USD", "grossProfit": "484900000", "totalRevenue": "1471200000", "costOfRevenue": "986300000", "costofGoodsAndServicesSold": "227900000", "operatingIncome": "-402400000", "sellingGeneralAndAdministrative": "817600000", "researchAndDevelopment": "None", "operatingExpenses": "856700000", "investmentIncomeNet": "292000000", "netInterestIncome": "1100500000", "interestIncome": "1302400000", "interestExpense": "201900000", "nonInterestIncome": "352900000", "otherNonOperatingIncome": "None", "depreciation": "39100000", "depreciationAndAmortization": "39100000", "incomeBeforeTax": "467100000", "incomeTaxExpense": "129900000", "interestAndDebtExpense": "201900000", "netIncomeFromContinuingOperations": "337200000", "comprehensiveIncomeNetOfTax": "350500000", "ebit": "669000000", "ebitda": "708100000", "netIncome": "337200000"}, {"fiscalDateEnding": "2016-12-31", "reportedCurrency": "USD", "grossProfit": "414100000", "totalRevenue": "1319500000", "costOfRevenue": "905400000", "costofGoodsAndServicesSold": "191700000", "operatingIncome": "-353600000", "sellingGeneralAndAdministrative": "733600000", "researchAndDevelopment": "None", "operatingExpenses": "770500000", "investmentIncomeNet": "271000000", "netInterestIncome": "972200000", "interestIncome": "1127300000", "interestExpense": "155100000", "nonInterestIncome": "342700000", "otherNonOperatingIncome": "None", "depreciation": "None", "depreciationAndAmortization": "36900000", "incomeBeforeTax": "409500000", "incomeTaxExpense": "128500000", "interestAndDebtExpense": "155100000", "netIncomeFromContinuingOperations": "281000000", "comprehensiveIncomeNetOfTax": "263200000", "ebit": "564600000", "ebitda": "601500000", "netIncome": "281000000"}], "quarterlyReports": [{"fiscalDateEnding": "2021-09-30", "reportedCurrency": "USD", "grossProfit": "168600000", "totalRevenue": "469800000", "costOfRevenue": "301200000", "costofGoodsAndServicesSold": "None", "operatingIncome": "78800000", "sellingGeneralAndAdministrative": "84800000", "researchAndDevelopment": "None", "operatingExpenses": "89800000", "investmentIncomeNet": "None", "netInterestIncome": "370300000", "interestIncome": "393800000", "interestExpense": "23500000", "nonInterestIncome": "100400000", "otherNonOperatingIncome": "-1600000", "depreciation": "None", "depreciationAndAmortization": "8900000", "incomeBeforeTax": "169400000", "incomeTaxExpense": "29700000", "interestAndDebtExpense": "23500000", "netIncomeFromContinuingOperations": "139700000", "comprehensiveIncomeNetOfTax": "107600000", "ebit": "192900000", "ebitda": "201800000", "netIncome": "139700000"}, {"fiscalDateEnding": "2021-06-30", "reportedCurrency": "USD", "grossProfit": "268100000", "totalRevenue": "532400000", "costOfRevenue": "264300000", "costofGoodsAndServicesSold": "None", "operatingIncome": "171700000", "sellingGeneralAndAdministrative": "87600000", "researchAndDevelopment": "None", "operatingExpenses": "96400000", "investmentIncomeNet": "None", "netInterestIncome": "380900000", "interestIncome": "406300000", "interestExpense": "25400000", "nonInterestIncome": "99000000", "otherNonOperatingIncome": "-2000000", "depreciation": "None", "depreciationAndAmortization": "8800000", "incomeBeforeTax": "215700000", "incomeTaxExpense": "44900000", "interestAndDebtExpense": "25400000", "netIncomeFromContinuingOperations": "170800000", "comprehensiveIncomeNetOfTax": "221300000", "ebit": "241100000", "ebitda": "249900000", "netIncome": "170800000"}, {"fiscalDateEnding": "2021-03-31", "reportedCurrency": "USD", "grossProfit": "207600000", "totalRevenue": "505900000", "costOfRevenue": "298300000", "costofGoodsAndServicesSold": "None", "operatingIncome": "106100000", "sellingGeneralAndAdministrative": "90500000", "researchAndDevelopment": "None", "operatingExpenses": "101500000", "investmentIncomeNet": "None", "netInterestIncome": "385900000", "interestIncome": "417000000", "interestExpense": "31100000", "nonInterestIncome": "94600000", "otherNonOperatingIncome": "-12100000", "depreciation": "None", "depreciationAndAmortization": "11000000", "incomeBeforeTax": "182200000", "incomeTaxExpense": "37700000", "interestAndDebtExpense": "31100000", "netIncomeFromContinuingOperations": "144500000", "comprehensiveIncomeNetOfTax": "38400000", "ebit": "213300000", "ebitda": "224300000", "netIncome": "144500000"}, {"fiscalDateEnding": "2020-12-31", "reportedCurrency": "USD", "grossProfit": "-114800000", "totalRevenue": "546300000", "costOfRevenue": "661100000", "costofGoodsAndServicesSold": "None", "operatingIncome": "-114800000", "sellingGeneralAndAdministrative": "84300000", "researchAndDevelopment": "None", "operatingExpenses": "20700000", "investmentIncomeNet": "None", "netInterestIncome": "382800000", "interestIncome": "421500000", "interestExpense": "38700000", "nonInterestIncome": "178200000", "otherNonOperatingIncome": "None", "depreciation": "None", "depreciationAndAmortization": "12300000", "incomeBeforeTax": "-100100000", "incomeTaxExpense": "45200000", "interestAndDebtExpense": "38700000", "netIncomeFromContinuingOperations": "-145300000", "comprehensiveIncomeNetOfTax": "-156600000", "ebit": "-61400000", "ebitda": "-49100000", "netIncome": "-145300000"}, {"fiscalDateEnding": "2020-09-30", "reportedCurrency": "USD", "grossProfit": "167600000", "totalRevenue": "488300000", "costOfRevenue": "320700000", "costofGoodsAndServicesSold": "None", "operatingIncome": "74900000", "sellingGeneralAndAdministrative": "82500000", "researchAndDevelopment": "None", "operatingExpenses": "92700000", "investmentIncomeNet": "None", "netInterestIncome": "391400000", "interestIncome": "436800000", "interestExpense": "45400000", "nonInterestIncome": "101100000", "otherNonOperatingIncome": "None", "depreciation": "None", "depreciationAndAmortization": "10200000", "incomeBeforeTax": "172100000", "incomeTaxExpense": "27500000", "interestAndDebtExpense": "45400000", "netIncomeFromContinuingOperations": "144600000", "comprehensiveIncomeNetOfTax": "140600000", "ebit": "217500000", "ebitda": "227700000", "netIncome": "144600000"}, {"fiscalDateEnding": "2020-06-30", "reportedCurrency": "USD", "grossProfit": "50900000", "totalRevenue": "435700000", "costOfRevenue": "384800000", "costofGoodsAndServicesSold": "None", "operatingIncome": "-41800000", "sellingGeneralAndAdministrative": "82500000", "researchAndDevelopment": "None", "operatingExpenses": "92700000", "investmentIncomeNet": "None", "netInterestIncome": "405600000", "interestIncome": "457600000", "interestExpense": "52000000", "nonInterestIncome": "89600000", "otherNonOperatingIncome": "None", "depreciation": "None", "depreciationAndAmortization": "10200000", "incomeBeforeTax": "110400000", "incomeTaxExpense": "20500000", "interestAndDebtExpense": "52000000", "netIncomeFromContinuingOperations": "89900000", "comprehensiveIncomeNetOfTax": "108700000", "ebit": "162400000", "ebitda": "172600000", "netIncome": "89900000"}, {"fiscalDateEnding": "2020-03-31", "reportedCurrency": "USD", "grossProfit": "156700000", "totalRevenue": "510300000", "costOfRevenue": "353600000", "costofGoodsAndServicesSold": "None", "operatingIncome": "56500000", "sellingGeneralAndAdministrative": "89500000", "researchAndDevelopment": "None", "operatingExpenses": "100200000", "investmentIncomeNet": "None", "netInterestIncome": "396000000", "interestIncome": "499100000", "interestExpense": "103100000", "nonInterestIncome": "123800000", "otherNonOperatingIncome": "None", "depreciation": "None", "depreciationAndAmortization": "10700000", "incomeBeforeTax": "166200000", "incomeTaxExpense": "35800000", "interestAndDebtExpense": "103100000", "netIncomeFromContinuingOperations": "130400000", "comprehensiveIncomeNetOfTax": "204600000", "ebit": "269300000", "ebitda": "280000000", "netIncome": "130400000"}, {"fiscalDateEnding": "2019-12-31", "reportedCurrency": "USD", "grossProfit": "166600000", "totalRevenue": "499600000", "costOfRevenue": "333000000", "costofGoodsAndServicesSold": "None", "operatingIncome": "169900000", "sellingGeneralAndAdministrative": "81800000", "researchAndDevelopment": "None", "operatingExpenses": "-3300000", "investmentIncomeNet": "None", "netInterestIncome": "382700000", "interestIncome": "496900000", "interestExpense": "114200000", "nonInterestIncome": "124200000", "otherNonOperatingIncome": "None", "depreciation": "None", "depreciationAndAmortization": "12700000", "incomeBeforeTax": "173900000", "incomeTaxExpense": "36400000", "interestAndDebtExpense": "114200000", "netIncomeFromContinuingOperations": "137500000", "comprehensiveIncomeNetOfTax": "152800000", "ebit": "288100000", "ebitda": "300800000", "netIncome": "137500000"}, {"fiscalDateEnding": "2019-09-30", "reportedCurrency": "USD", "grossProfit": "183900000", "totalRevenue": "473100000", "costOfRevenue": "289200000", "costofGoodsAndServicesSold": "None", "operatingIncome": "107200000", "sellingGeneralAndAdministrative": "68700000", "researchAndDevelopment": "None", "operatingExpenses": "76700000", "investmentIncomeNet": "None", "netInterestIncome": "348700000", "interestIncome": "470900000", "interestExpense": "122200000", "nonInterestIncome": "106000000", "otherNonOperatingIncome": "None", "depreciation": "None", "depreciationAndAmortization": "9800000", "incomeBeforeTax": "165500000", "incomeTaxExpense": "30400000", "interestAndDebtExpense": "122200000", "netIncomeFromContinuingOperations": "135100000", "comprehensiveIncomeNetOfTax": "145800000", "ebit": "287700000", "ebitda": "297500000", "netIncome": "135100000"}, {"fiscalDateEnding": "2019-06-30", "reportedCurrency": "USD", "grossProfit": "185100000", "totalRevenue": "471100000", "costOfRevenue": "286000000", "costofGoodsAndServicesSold": "None", "operatingIncome": "107800000", "sellingGeneralAndAdministrative": "69300000", "researchAndDevelopment": "None", "operatingExpenses": "77300000", "investmentIncomeNet": "None", "netInterestIncome": "348100000", "interestIncome": "472800000", "interestExpense": "124700000", "nonInterestIncome": "106300000", "otherNonOperatingIncome": "None", "depreciation": "None", "depreciationAndAmortization": "9700000", "incomeBeforeTax": "168400000", "incomeTaxExpense": "35200000", "interestAndDebtExpense": "124700000", "netIncomeFromContinuingOperations": "133200000", "comprehensiveIncomeNetOfTax": "164800000", "ebit": "293100000", "ebitda": "302800000", "netIncome": "133200000"}, {"fiscalDateEnding": "2019-03-31", "reportedCurrency": "USD", "grossProfit": "152300000", "totalRevenue": "435100000", "costOfRevenue": "282800000", "costofGoodsAndServicesSold": "None", "operatingIncome": "78500000", "sellingGeneralAndAdministrative": "64300000", "researchAndDevelopment": "None", "operatingExpenses": "73800000", "investmentIncomeNet": "None", "netInterestIncome": "332800000", "interestIncome": "440500000", "interestExpense": "107700000", "nonInterestIncome": "94600000", "otherNonOperatingIncome": "None", "depreciation": "None", "depreciationAndAmortization": "9500000", "incomeBeforeTax": "144600000", "incomeTaxExpense": "30000000", "interestAndDebtExpense": "107700000", "netIncomeFromContinuingOperations": "114600000", "comprehensiveIncomeNetOfTax": "146800000", "ebit": "252300000", "ebitda": "261800000", "netIncome": "114600000"}, {"fiscalDateEnding": "2018-12-31", "reportedCurrency": "USD", "grossProfit": "138800000", "totalRevenue": "411400000", "costOfRevenue": "272600000", "costofGoodsAndServicesSold": "109100000", "operatingIncome": "138800000", "sellingGeneralAndAdministrative": "103600000", "researchAndDevelopment": "None", "operatingExpenses": "113100000", "investmentIncomeNet": "None", "netInterestIncome": "332600000", "interestIncome": "431800000", "interestExpense": "99200000", "nonInterestIncome": "88700000", "otherNonOperatingIncome": "None", "depreciation": "None", "depreciationAndAmortization": "9500000", "incomeBeforeTax": "148700000", "incomeTaxExpense": "15800000", "interestAndDebtExpense": "99200000", "netIncomeFromContinuingOperations": "132900000", "comprehensiveIncomeNetOfTax": "147000000", "ebit": "247900000", "ebitda": "257400000", "netIncome": "132900000"}, {"fiscalDateEnding": "2018-09-30", "reportedCurrency": "USD", "grossProfit": "154000000", "totalRevenue": "403500000", "costOfRevenue": "249500000", "costofGoodsAndServicesSold": "91800000", "operatingIncome": "81600000", "sellingGeneralAndAdministrative": "67500000", "researchAndDevelopment": "None", "operatingExpenses": "72400000", "investmentIncomeNet": "None", "netInterestIncome": "306400000", "interestIncome": "390000000", "interestExpense": "83600000", "nonInterestIncome": "92300000", "otherNonOperatingIncome": "None", "depreciation": "None", "depreciationAndAmortization": "8800000", "incomeBeforeTax": "149200000", "incomeTaxExpense": "32200000", "interestAndDebtExpense": "83600000", "netIncomeFromContinuingOperations": "117000000", "comprehensiveIncomeNetOfTax": "106900000", "ebit": "232800000", "ebitda": "241600000", "netIncome": "117000000"}, {"fiscalDateEnding": "2018-06-30", "reportedCurrency": "USD", "grossProfit": "146000000", "totalRevenue": "401100000", "costOfRevenue": "255100000", "costofGoodsAndServicesSold": "80700000", "operatingIncome": "71000000", "sellingGeneralAndAdministrative": "70100000", "researchAndDevelopment": "None", "operatingExpenses": "75000000", "investmentIncomeNet": "None", "netInterestIncome": "301200000", "interestIncome": "375400000", "interestExpense": "74200000", "nonInterestIncome": "94900000", "otherNonOperatingIncome": "None", "depreciation": "None", "depreciationAndAmortization": "8900000", "incomeBeforeTax": "141000000", "incomeTaxExpense": "30800000", "interestAndDebtExpense": "74200000", "netIncomeFromContinuingOperations": "110200000", "comprehensiveIncomeNetOfTax": "105300000", "ebit": "215200000", "ebitda": "224100000", "netIncome": "110200000"}, {"fiscalDateEnding": "2018-03-31", "reportedCurrency": "USD", "grossProfit": "142600000", "totalRevenue": "391500000", "costOfRevenue": "248900000", "costofGoodsAndServicesSold": "9000000", "operatingIncome": "-76000000", "sellingGeneralAndAdministrative": "209500000", "researchAndDevelopment": "None", "operatingExpenses": "218600000", "investmentIncomeNet": "None", "netInterestIncome": "295800000", "interestIncome": "359100000", "interestExpense": "63300000", "nonInterestIncome": "90400000", "otherNonOperatingIncome": "None", "depreciation": "9000000", "depreciationAndAmortization": "9100000", "incomeBeforeTax": "137300000", "incomeTaxExpense": "29400000", "interestAndDebtExpense": "63300000", "netIncomeFromContinuingOperations": "107900000", "comprehensiveIncomeNetOfTax": "71100000", "ebit": "200600000", "ebitda": "209700000", "netIncome": "107900000"}, {"fiscalDateEnding": "2017-12-31", "reportedCurrency": "USD", "grossProfit": "124900000", "totalRevenue": "372100000", "costOfRevenue": "247200000", "costofGoodsAndServicesSold": "65800000", "operatingIncome": "124900000", "sellingGeneralAndAdministrative": "226300000", "researchAndDevelopment": "None", "operatingExpenses": "236100000", "investmentIncomeNet": "None", "netInterestIncome": "292300000", "interestIncome": "350600000", "interestExpense": "58300000", "nonInterestIncome": "87300000", "otherNonOperatingIncome": "None", "depreciation": "None", "depreciationAndAmortization": "9800000", "incomeBeforeTax": "132400000", "incomeTaxExpense": "26200000", "interestAndDebtExpense": "58300000", "netIncomeFromContinuingOperations": "106200000", "comprehensiveIncomeNetOfTax": "94300000", "ebit": "190700000", "ebitda": "200500000", "netIncome": "106200000"}, {"fiscalDateEnding": "2017-09-30", "reportedCurrency": "USD", "grossProfit": "133700000", "totalRevenue": "377800000", "costOfRevenue": "244100000", "costofGoodsAndServicesSold": "61600000", "operatingIncome": "-70400000", "sellingGeneralAndAdministrative": "196200000", "researchAndDevelopment": "None", "operatingExpenses": "204100000", "investmentIncomeNet": "None", "netInterestIncome": "284600000", "interestIncome": "339200000", "interestExpense": "54600000", "nonInterestIncome": "89300000", "otherNonOperatingIncome": "None", "depreciation": "None", "depreciationAndAmortization": "9900000", "incomeBeforeTax": "129800000", "incomeTaxExpense": "39000000", "interestAndDebtExpense": "54600000", "netIncomeFromContinuingOperations": "90800000", "comprehensiveIncomeNetOfTax": "95700000", "ebit": "184400000", "ebitda": "194300000", "netIncome": "90800000"}, {"fiscalDateEnding": "2017-06-30", "reportedCurrency": "USD", "grossProfit": "106000000", "totalRevenue": "370400000", "costOfRevenue": "264400000", "costofGoodsAndServicesSold": "54200000", "operatingIncome": "-108500000", "sellingGeneralAndAdministrative": "206600000", "researchAndDevelopment": "None", "operatingExpenses": "214500000", "investmentIncomeNet": "None", "netInterestIncome": "274900000", "interestIncome": "322000000", "interestExpense": "47100000", "nonInterestIncome": "91600000", "otherNonOperatingIncome": "None", "depreciation": "None", "depreciationAndAmortization": "10100000", "incomeBeforeTax": "102100000", "incomeTaxExpense": "32800000", "interestAndDebtExpense": "47100000", "netIncomeFromContinuingOperations": "69300000", "comprehensiveIncomeNetOfTax": "76600000", "ebit": "149200000", "ebitda": "159300000", "netIncome": "69300000"}, {"fiscalDateEnding": "2017-03-31", "reportedCurrency": "USD", "grossProfit": "108600000", "totalRevenue": "339100000", "costOfRevenue": "230500000", "costofGoodsAndServicesSold": "46300000", "operatingIncome": "-89200000", "sellingGeneralAndAdministrative": "188500000", "researchAndDevelopment": "None", "operatingExpenses": "197800000", "investmentIncomeNet": "None", "netInterestIncome": "248600000", "interestIncome": "290500000", "interestExpense": "41900000", "nonInterestIncome": "84700000", "otherNonOperatingIncome": "None", "depreciation": "None", "depreciationAndAmortization": "9300000", "incomeBeforeTax": "102800000", "incomeTaxExpense": "32000000", "interestAndDebtExpense": "41900000", "netIncomeFromContinuingOperations": "70800000", "comprehensiveIncomeNetOfTax": "83900000", "ebit": "144700000", "ebitda": "154000000", "netIncome": "70800000"}, {"fiscalDateEnding": "2016-12-31", "reportedCurrency": "USD", "grossProfit": "98400000", "totalRevenue": "323300000", "costOfRevenue": "224900000", "costofGoodsAndServicesSold": "47200000", "operatingIncome": "98400000", "sellingGeneralAndAdministrative": "199900000", "researchAndDevelopment": "None", "operatingExpenses": "209200000", "investmentIncomeNet": "None", "netInterestIncome": "246800000", "interestIncome": "286300000", "interestExpense": "39500000", "nonInterestIncome": "84200000", "otherNonOperatingIncome": "None", "depreciation": "None", "depreciationAndAmortization": "9300000", "incomeBeforeTax": "106100000", "incomeTaxExpense": "30200000", "interestAndDebtExpense": "39500000", "netIncomeFromContinuingOperations": "75900000", "comprehensiveIncomeNetOfTax": "1300000", "ebit": "145600000", "ebitda": "154900000", "netIncome": "75900000"}]}