{"symbol": "PM", "annualReports": [{"fiscalDateEnding": "2020-12-31", "reportedCurrency": "USD", "grossProfit": "19125000000", "totalRevenue": "107266000000", "costOfRevenue": "11433000000", "costofGoodsAndServicesSold": "9569000000", "operatingIncome": "11668000000", "sellingGeneralAndAdministrative": "637000000", "researchAndDevelopment": "495000000", "operatingExpenses": "2262000000", "investmentIncomeNet": "110000000", "netInterestIncome": "-618000000", "interestIncome": "110000000", "interestExpense": "728000000", "nonInterestIncome": "104651000000", "otherNonOperatingIncome": "None", "depreciation": "908000000", "depreciationAndAmortization": "981000000", "incomeBeforeTax": "10433000000", "incomeTaxExpense": "2377000000", "interestAndDebtExpense": "728000000", "netIncomeFromContinuingOperations": "8576000000", "comprehensiveIncomeNetOfTax": "6238000000", "ebit": "11161000000", "ebitda": "12142000000", "netIncome": "8056000000"}, {"fiscalDateEnding": "2019-12-31", "reportedCurrency": "USD", "grossProfit": "19292000000", "totalRevenue": "110502000000", "costOfRevenue": "12718000000", "costofGoodsAndServicesSold": "10513000000", "operatingIncome": "10531000000", "sellingGeneralAndAdministrative": "730000000", "researchAndDevelopment": "465000000", "operatingExpenses": "2581000000", "investmentIncomeNet": "226000000", "netInterestIncome": "-570000000", "interestIncome": "226000000", "interestExpense": "796000000", "nonInterestIncome": "107821000000", "otherNonOperatingIncome": "None", "depreciation": "898000000", "depreciationAndAmortization": "964000000", "incomeBeforeTax": "9478000000", "incomeTaxExpense": "2293000000", "interestAndDebtExpense": "796000000", "netIncomeFromContinuingOperations": "7579000000", "comprehensiveIncomeNetOfTax": "7933000000", "ebit": "10274000000", "ebitda": "11238000000", "netIncome": "7185000000"}, {"fiscalDateEnding": "2018-12-31", "reportedCurrency": "USD", "grossProfit": "18867000000", "totalRevenue": "108762000000", "costOfRevenue": "12996000000", "costofGoodsAndServicesSold": "10758000000", "operatingIncome": "11377000000", "sellingGeneralAndAdministrative": "1208000000", "researchAndDevelopment": "383000000", "operatingExpenses": "2580000000", "investmentIncomeNet": "190000000", "netInterestIncome": "-665000000", "interestIncome": "190000000", "interestExpense": "855000000", "nonInterestIncome": "109427000000", "otherNonOperatingIncome": "None", "depreciation": "907000000", "depreciationAndAmortization": "989000000", "incomeBeforeTax": "10356000000", "incomeTaxExpense": "2445000000", "interestAndDebtExpense": "855000000", "netIncomeFromContinuingOperations": "8226000000", "comprehensiveIncomeNetOfTax": "6335000000", "ebit": "11211000000", "ebitda": "12200000000", "netIncome": "7911000000"}, {"fiscalDateEnding": "2017-12-31", "reportedCurrency": "USD", "grossProfit": "18316000000", "totalRevenue": "77135000000", "costOfRevenue": "61651000000", "costofGoodsAndServicesSold": "10432000000", "operatingIncome": "11581000000", "sellingGeneralAndAdministrative": "994000000", "researchAndDevelopment": "453000000", "operatingExpenses": "2322000000", "investmentIncomeNet": "182000000", "netInterestIncome": "-914000000", "interestIncome": "182000000", "interestExpense": "1096000000", "nonInterestIncome": "-49000000", "otherNonOperatingIncome": "59000000", "depreciation": "787000000", "depreciationAndAmortization": "875000000", "incomeBeforeTax": "10342000000", "incomeTaxExpense": "4307000000", "interestAndDebtExpense": "1096000000", "netIncomeFromContinuingOperations": "6341000000", "comprehensiveIncomeNetOfTax": "7059000000", "ebit": "11438000000", "ebitda": "12313000000", "netIncome": "6035000000"}, {"fiscalDateEnding": "2016-12-31", "reportedCurrency": "USD", "grossProfit": "17294000000", "totalRevenue": "73790000000", "costOfRevenue": "58968000000", "costofGoodsAndServicesSold": "9391000000", "operatingIncome": "10903000000", "sellingGeneralAndAdministrative": "566000000", "researchAndDevelopment": "429000000", "operatingExpenses": "1738000000", "investmentIncomeNet": "178000000", "netInterestIncome": "-891000000", "interestIncome": "178000000", "interestExpense": "1069000000", "nonInterestIncome": "-272000000", "otherNonOperatingIncome": "94000000", "depreciation": "669000000", "depreciationAndAmortization": "743000000", "incomeBeforeTax": "9735000000", "incomeTaxExpense": "2768000000", "interestAndDebtExpense": "1069000000", "netIncomeFromContinuingOperations": "7250000000", "comprehensiveIncomeNetOfTax": "6810000000", "ebit": "10804000000", "ebitda": "11547000000", "netIncome": "6967000000"}], "quarterlyReports": [{"fiscalDateEnding": "2021-09-30", "reportedCurrency": "USD", "grossProfit": "5526000000", "totalRevenue": "30457000000", "costOfRevenue": "2641000000", "costofGoodsAndServicesSold": "2596000000", "operatingIncome": "3455000000", "sellingGeneralAndAdministrative": "27000000", "researchAndDevelopment": "None", "operatingExpenses": "18000000", "investmentIncomeNet": "None", "netInterestIncome": "-154000000", "interestIncome": "-154000000", "interestExpense": "154000000", "nonInterestIncome": "29739000000", "otherNonOperatingIncome": "None", "depreciation": "None", "depreciationAndAmortization": "235000000", "incomeBeforeTax": "3161000000", "incomeTaxExpense": "735000000", "interestAndDebtExpense": "None", "netIncomeFromContinuingOperations": "2539000000", "comprehensiveIncomeNetOfTax": "2571000000", "ebit": "3455000000", "ebitda": "3690000000", "netIncome": "2426000000"}, {"fiscalDateEnding": "2021-06-30", "reportedCurrency": "USD", "grossProfit": "5241000000", "totalRevenue": "28689000000", "costOfRevenue": "2399000000", "costofGoodsAndServicesSold": "2353000000", "operatingIncome": "3129000000", "sellingGeneralAndAdministrative": "27000000", "researchAndDevelopment": "None", "operatingExpenses": "19000000", "investmentIncomeNet": "None", "netInterestIncome": "-161000000", "interestIncome": "-161000000", "interestExpense": "161000000", "nonInterestIncome": "28015000000", "otherNonOperatingIncome": "None", "depreciation": "None", "depreciationAndAmortization": "239000000", "incomeBeforeTax": "2818000000", "incomeTaxExpense": "646000000", "interestAndDebtExpense": "None", "netIncomeFromContinuingOperations": "2295000000", "comprehensiveIncomeNetOfTax": "2253000000", "ebit": "3129000000", "ebitda": "3368000000", "netIncome": "2172000000"}, {"fiscalDateEnding": "2021-03-31", "reportedCurrency": "USD", "grossProfit": "5311000000", "totalRevenue": "27536000000", "costOfRevenue": "2595000000", "costofGoodsAndServicesSold": "2274000000", "operatingIncome": "3444000000", "sellingGeneralAndAdministrative": "28000000", "researchAndDevelopment": "None", "operatingExpenses": "293000000", "investmentIncomeNet": "None", "netInterestIncome": "-167000000", "interestIncome": "-167000000", "interestExpense": "167000000", "nonInterestIncome": "26940000000", "otherNonOperatingIncome": "None", "depreciation": "None", "depreciationAndAmortization": "245000000", "incomeBeforeTax": "3115000000", "incomeTaxExpense": "697000000", "interestAndDebtExpense": "None", "netIncomeFromContinuingOperations": "2552000000", "comprehensiveIncomeNetOfTax": "2853000000", "ebit": "3444000000", "ebitda": "3689000000", "netIncome": "2418000000"}, {"fiscalDateEnding": "2020-12-31", "reportedCurrency": "USD", "grossProfit": "4872000000", "totalRevenue": "7444000000", "costOfRevenue": "3588000000", "costofGoodsAndServicesSold": "2572000000", "operatingIncome": "2905000000", "sellingGeneralAndAdministrative": "29000000", "researchAndDevelopment": "None", "operatingExpenses": "1482000000", "investmentIncomeNet": "None", "netInterestIncome": "-164000000", "interestIncome": "-164000000", "interestExpense": "274000000", "nonInterestIncome": "7444000000", "otherNonOperatingIncome": "None", "depreciation": "None", "depreciationAndAmortization": "272000000", "incomeBeforeTax": "2589000000", "incomeTaxExpense": "613000000", "interestAndDebtExpense": "None", "netIncomeFromContinuingOperations": "4872000000", "comprehensiveIncomeNetOfTax": "1362000000", "ebit": "2905000000", "ebitda": "3177000000", "netIncome": "1976000000"}, {"fiscalDateEnding": "2020-09-30", "reportedCurrency": "USD", "grossProfit": "5030000000", "totalRevenue": "28600000000", "costOfRevenue": "2457000000", "costofGoodsAndServicesSold": "2416000000", "operatingIncome": "3243000000", "sellingGeneralAndAdministrative": "1792000000", "researchAndDevelopment": "None", "operatingExpenses": "18000000", "investmentIncomeNet": "None", "netInterestIncome": "-163000000", "interestIncome": "-163000000", "interestExpense": "163000000", "nonInterestIncome": "27890000000", "otherNonOperatingIncome": "None", "depreciation": "None", "depreciationAndAmortization": "239000000", "incomeBeforeTax": "2947000000", "incomeTaxExpense": "640000000", "interestAndDebtExpense": "None", "netIncomeFromContinuingOperations": "2417000000", "comprehensiveIncomeNetOfTax": "1749000000", "ebit": "3243000000", "ebitda": "3482000000", "netIncome": "2307000000"}, {"fiscalDateEnding": "2020-06-30", "reportedCurrency": "USD", "grossProfit": "4472000000", "totalRevenue": "25080000000", "costOfRevenue": "2291000000", "costofGoodsAndServicesSold": "2179000000", "operatingIncome": "2731000000", "sellingGeneralAndAdministrative": "1744000000", "researchAndDevelopment": "None", "operatingExpenses": "90000000", "investmentIncomeNet": "None", "netInterestIncome": "-162000000", "interestIncome": "-162000000", "interestExpense": "162000000", "nonInterestIncome": "24470000000", "otherNonOperatingIncome": "None", "depreciation": "None", "depreciationAndAmortization": "229000000", "incomeBeforeTax": "2475000000", "incomeTaxExpense": "528000000", "interestAndDebtExpense": "None", "netIncomeFromContinuingOperations": "2019000000", "comprehensiveIncomeNetOfTax": "2712000000", "ebit": "2731000000", "ebitda": "2960000000", "netIncome": "1947000000"}, {"fiscalDateEnding": "2020-03-31", "reportedCurrency": "USD", "grossProfit": "4751000000", "totalRevenue": "26054000000", "costOfRevenue": "2666000000", "costofGoodsAndServicesSold": "2402000000", "operatingIncome": "2789000000", "sellingGeneralAndAdministrative": "1967000000", "researchAndDevelopment": "None", "operatingExpenses": "241000000", "investmentIncomeNet": "None", "netInterestIncome": "-129000000", "interestIncome": "-129000000", "interestExpense": "129000000", "nonInterestIncome": "25406000000", "otherNonOperatingIncome": "None", "depreciation": "None", "depreciationAndAmortization": "241000000", "incomeBeforeTax": "2422000000", "incomeTaxExpense": "596000000", "interestAndDebtExpense": "None", "netIncomeFromContinuingOperations": "2041000000", "comprehensiveIncomeNetOfTax": "415000000", "ebit": "2789000000", "ebitda": "3030000000", "netIncome": "1826000000"}, {"fiscalDateEnding": "2019-12-31", "reportedCurrency": "USD", "grossProfit": "4935000000", "totalRevenue": "7713000000", "costOfRevenue": "4148000000", "costofGoodsAndServicesSold": "2778000000", "operatingIncome": "2506000000", "sellingGeneralAndAdministrative": "2441000000", "researchAndDevelopment": "None", "operatingExpenses": "1807000000", "investmentIncomeNet": "None", "netInterestIncome": "-136000000", "interestIncome": "-136000000", "interestExpense": "362000000", "nonInterestIncome": "7713000000", "otherNonOperatingIncome": "None", "depreciation": "None", "depreciationAndAmortization": "255000000", "incomeBeforeTax": "2239000000", "incomeTaxExpense": "623000000", "interestAndDebtExpense": "None", "netIncomeFromContinuingOperations": "4935000000", "comprehensiveIncomeNetOfTax": "1219000000", "ebit": "2506000000", "ebitda": "2761000000", "netIncome": "1616000000"}, {"fiscalDateEnding": "2019-09-30", "reportedCurrency": "USD", "grossProfit": "5037000000", "totalRevenue": "28791000000", "costOfRevenue": "2662000000", "costofGoodsAndServicesSold": "2605000000", "operatingIncome": "2788000000", "sellingGeneralAndAdministrative": "2254000000", "researchAndDevelopment": "None", "operatingExpenses": "37000000", "investmentIncomeNet": "None", "netInterestIncome": "-132000000", "interestIncome": "-132000000", "interestExpense": "132000000", "nonInterestIncome": "28022000000", "otherNonOperatingIncome": "None", "depreciation": "None", "depreciationAndAmortization": "237000000", "incomeBeforeTax": "2531000000", "incomeTaxExpense": "635000000", "interestAndDebtExpense": "None", "netIncomeFromContinuingOperations": "2001000000", "comprehensiveIncomeNetOfTax": "1981000000", "ebit": "2788000000", "ebitda": "3025000000", "netIncome": "1896000000"}, {"fiscalDateEnding": "2019-06-30", "reportedCurrency": "USD", "grossProfit": "5034000000", "totalRevenue": "28370000000", "costOfRevenue": "2724000000", "costofGoodsAndServicesSold": "2665000000", "operatingIncome": "3187000000", "sellingGeneralAndAdministrative": "1851000000", "researchAndDevelopment": "None", "operatingExpenses": "39000000", "investmentIncomeNet": "None", "netInterestIncome": "-150000000", "interestIncome": "-150000000", "interestExpense": "150000000", "nonInterestIncome": "27686000000", "otherNonOperatingIncome": "None", "depreciation": "None", "depreciationAndAmortization": "232000000", "incomeBeforeTax": "2930000000", "incomeTaxExpense": "611000000", "interestAndDebtExpense": "None", "netIncomeFromContinuingOperations": "2406000000", "comprehensiveIncomeNetOfTax": "2505000000", "ebit": "3187000000", "ebitda": "3419000000", "netIncome": "2319000000"}, {"fiscalDateEnding": "2019-03-31", "reportedCurrency": "USD", "grossProfit": "4286000000", "totalRevenue": "24876000000", "costOfRevenue": "2746000000", "costofGoodsAndServicesSold": "2465000000", "operatingIncome": "2050000000", "sellingGeneralAndAdministrative": "2238000000", "researchAndDevelopment": "None", "operatingExpenses": "260000000", "investmentIncomeNet": "None", "netInterestIncome": "-152000000", "interestIncome": "None", "interestExpense": "152000000", "nonInterestIncome": "24456000000", "otherNonOperatingIncome": "None", "depreciation": "None", "depreciationAndAmortization": "240000000", "incomeBeforeTax": "1778000000", "incomeTaxExpense": "424000000", "interestAndDebtExpense": "None", "netIncomeFromContinuingOperations": "1453000000", "comprehensiveIncomeNetOfTax": "2228000000", "ebit": "2050000000", "ebitda": "2290000000", "netIncome": "1354000000"}, {"fiscalDateEnding": "2018-12-31", "reportedCurrency": "USD", "grossProfit": "4718000000", "totalRevenue": "7499000000", "costOfRevenue": "4266000000", "costofGoodsAndServicesSold": "2781000000", "operatingIncome": "2702000000", "sellingGeneralAndAdministrative": "2019000000", "researchAndDevelopment": "383000000", "operatingExpenses": "1846000000", "investmentIncomeNet": "None", "netInterestIncome": "-125000000", "interestIncome": "None", "interestExpense": "315000000", "nonInterestIncome": "7499000000", "otherNonOperatingIncome": "None", "depreciation": "None", "depreciationAndAmortization": "255000000", "incomeBeforeTax": "2461000000", "incomeTaxExpense": "551000000", "interestAndDebtExpense": "None", "netIncomeFromContinuingOperations": "4718000000", "comprehensiveIncomeNetOfTax": "998000000", "ebit": "2702000000", "ebitda": "2957000000", "netIncome": "1910000000"}, {"fiscalDateEnding": "2018-09-30", "reportedCurrency": "USD", "grossProfit": "4886000000", "totalRevenue": "27798000000", "costOfRevenue": "2645000000", "costofGoodsAndServicesSold": "2618000000", "operatingIncome": "3156000000", "sellingGeneralAndAdministrative": "1717000000", "researchAndDevelopment": "None", "operatingExpenses": "20000000", "investmentIncomeNet": "None", "netInterestIncome": "-145000000", "interestIncome": "None", "interestExpense": "145000000", "nonInterestIncome": "27943000000", "otherNonOperatingIncome": "None", "depreciation": "None", "depreciationAndAmortization": "246000000", "incomeBeforeTax": "2938000000", "incomeTaxExpense": "691000000", "interestAndDebtExpense": "None", "netIncomeFromContinuingOperations": "2313000000", "comprehensiveIncomeNetOfTax": "1956000000", "ebit": "3156000000", "ebitda": "3402000000", "netIncome": "2247000000"}, {"fiscalDateEnding": "2018-06-30", "reportedCurrency": "USD", "grossProfit": "4982000000", "totalRevenue": "28658000000", "costOfRevenue": "16139000000", "costofGoodsAndServicesSold": "2744000000", "operatingIncome": "3093000000", "sellingGeneralAndAdministrative": "1874000000", "researchAndDevelopment": "None", "operatingExpenses": "21000000", "investmentIncomeNet": "None", "netInterestIncome": "-168000000", "interestIncome": "None", "interestExpense": "168000000", "nonInterestIncome": "28826000000", "otherNonOperatingIncome": "None", "depreciation": "None", "depreciationAndAmortization": "246000000", "incomeBeforeTax": "2842000000", "incomeTaxExpense": "644000000", "interestAndDebtExpense": "None", "netIncomeFromContinuingOperations": "2275000000", "comprehensiveIncomeNetOfTax": "2173000000", "ebit": "3093000000", "ebitda": "3339000000", "netIncome": "2198000000"}, {"fiscalDateEnding": "2018-03-31", "reportedCurrency": "USD", "grossProfit": "4281000000", "totalRevenue": "25095000000", "costOfRevenue": "14387000000", "costofGoodsAndServicesSold": "2615000000", "operatingIncome": "2426000000", "sellingGeneralAndAdministrative": "1839000000", "researchAndDevelopment": "None", "operatingExpenses": "242000000", "investmentIncomeNet": "None", "netInterestIncome": "-227000000", "interestIncome": "None", "interestExpense": "227000000", "nonInterestIncome": "25322000000", "otherNonOperatingIncome": "None", "depreciation": "None", "depreciationAndAmortization": "242000000", "incomeBeforeTax": "2115000000", "incomeTaxExpense": "559000000", "interestAndDebtExpense": "None", "netIncomeFromContinuingOperations": "1634000000", "comprehensiveIncomeNetOfTax": "1208000000", "ebit": "2426000000", "ebitda": "2668000000", "netIncome": "1556000000"}, {"fiscalDateEnding": "2017-12-31", "reportedCurrency": "USD", "grossProfit": "5293000000", "totalRevenue": "21585000000", "costOfRevenue": "17403000000", "costofGoodsAndServicesSold": "3001000000", "operatingIncome": "3340000000", "sellingGeneralAndAdministrative": "868000000", "researchAndDevelopment": "453000000", "operatingExpenses": "1564000000", "investmentIncomeNet": "None", "netInterestIncome": "-259000000", "interestIncome": "None", "interestExpense": "441000000", "nonInterestIncome": "8294000000", "otherNonOperatingIncome": "2000000", "depreciation": "None", "depreciationAndAmortization": "243000000", "incomeBeforeTax": "2959000000", "incomeTaxExpense": "2265000000", "interestAndDebtExpense": "None", "netIncomeFromContinuingOperations": "5293000000", "comprehensiveIncomeNetOfTax": "956000000", "ebit": "3340000000", "ebitda": "3583000000", "netIncome": "694000000"}, {"fiscalDateEnding": "2017-09-30", "reportedCurrency": "USD", "grossProfit": "4738000000", "totalRevenue": "20415000000", "costOfRevenue": "15956000000", "costofGoodsAndServicesSold": "2735000000", "operatingIncome": "3088000000", "sellingGeneralAndAdministrative": "35000000", "researchAndDevelopment": "None", "operatingExpenses": "56000000", "investmentIncomeNet": "None", "netInterestIncome": "-223000000", "interestIncome": "None", "interestExpense": "223000000", "nonInterestIncome": "28111000000", "otherNonOperatingIncome": "12000000", "depreciation": "None", "depreciationAndAmortization": "225000000", "incomeBeforeTax": "2782000000", "incomeTaxExpense": "812000000", "interestAndDebtExpense": "None", "netIncomeFromContinuingOperations": "2045000000", "comprehensiveIncomeNetOfTax": "2243000000", "ebit": "3088000000", "ebitda": "3313000000", "netIncome": "1970000000"}, {"fiscalDateEnding": "2017-06-30", "reportedCurrency": "USD", "grossProfit": "4398000000", "totalRevenue": "19106000000", "costOfRevenue": "14983000000", "costofGoodsAndServicesSold": "14921000000", "operatingIncome": "2737000000", "sellingGeneralAndAdministrative": "40000000", "researchAndDevelopment": "None", "operatingExpenses": "62000000", "investmentIncomeNet": "None", "netInterestIncome": "-213000000", "interestIncome": "None", "interestExpense": "213000000", "nonInterestIncome": "26236000000", "otherNonOperatingIncome": "23000000", "depreciation": "None", "depreciationAndAmortization": "210000000", "incomeBeforeTax": "2470000000", "incomeTaxExpense": "689000000", "interestAndDebtExpense": "None", "netIncomeFromContinuingOperations": "1842000000", "comprehensiveIncomeNetOfTax": "1976000000", "ebit": "2737000000", "ebitda": "2947000000", "netIncome": "1781000000"}, {"fiscalDateEnding": "2017-03-31", "reportedCurrency": "USD", "grossProfit": "3887000000", "totalRevenue": "16337000000", "costOfRevenue": "12917000000", "costofGoodsAndServicesSold": "12669000000", "operatingIncome": "2416000000", "sellingGeneralAndAdministrative": "51000000", "researchAndDevelopment": "None", "operatingExpenses": "248000000", "investmentIncomeNet": "None", "netInterestIncome": "-219000000", "interestIncome": "None", "interestExpense": "219000000", "nonInterestIncome": "22620000000", "otherNonOperatingIncome": "22000000", "depreciation": "None", "depreciationAndAmortization": "197000000", "incomeBeforeTax": "2131000000", "incomeTaxExpense": "541000000", "interestAndDebtExpense": "None", "netIncomeFromContinuingOperations": "1658000000", "comprehensiveIncomeNetOfTax": "1884000000", "ebit": "2416000000", "ebitda": "2613000000", "netIncome": "1590000000"}, {"fiscalDateEnding": "2016-12-31", "reportedCurrency": "USD", "grossProfit": "4472000000", "totalRevenue": "19189000000", "costOfRevenue": "15359000000", "costofGoodsAndServicesSold": "-33551000000", "operatingIncome": "2700000000", "sellingGeneralAndAdministrative": "447000000", "researchAndDevelopment": "429000000", "operatingExpenses": "1071000000", "investmentIncomeNet": "None", "netInterestIncome": "-201000000", "interestIncome": "None", "interestExpense": "379000000", "nonInterestIncome": "None", "otherNonOperatingIncome": "22000000", "depreciation": "None", "depreciationAndAmortization": "195000000", "incomeBeforeTax": "2369000000", "incomeTaxExpense": "658000000", "interestAndDebtExpense": "None", "netIncomeFromContinuingOperations": "4472000000", "comprehensiveIncomeNetOfTax": "1041000000", "ebit": "2700000000", "ebitda": "2895000000", "netIncome": "1711000000"}]}