{"symbol": "PNC", "annualReports": [{"fiscalDateEnding": "2020-12-31", "reportedCurrency": "USD", "grossProfit": "3619000000", "totalRevenue": "16901000000", "costOfRevenue": "13282000000", "costofGoodsAndServicesSold": "None", "operatingIncome": "1060000000", "sellingGeneralAndAdministrative": "1062000000", "researchAndDevelopment": "None", "operatingExpenses": "-3181000000", "investmentIncomeNet": "None", "netInterestIncome": "9946000000", "interestIncome": "11307000000", "interestExpense": "1361000000", "nonInterestIncome": "6955000000", "otherNonOperatingIncome": "None", "depreciation": "791000000", "depreciationAndAmortization": "1497000000", "incomeBeforeTax": "7984000000", "incomeTaxExpense": "426000000", "interestAndDebtExpense": "1361000000", "netIncomeFromContinuingOperations": "2962000000", "comprehensiveIncomeNetOfTax": "9488000000", "ebit": "9345000000", "ebitda": "10842000000", "netIncome": "7558000000"}, {"fiscalDateEnding": "2019-12-31", "reportedCurrency": "USD", "grossProfit": "7143000000", "totalRevenue": "16839000000", "costOfRevenue": "11347000000", "costofGoodsAndServicesSold": "None", "operatingIncome": "4693000000", "sellingGeneralAndAdministrative": "1135000000", "researchAndDevelopment": "None", "operatingExpenses": "2450000000", "investmentIncomeNet": "None", "netInterestIncome": "9965000000", "interestIncome": "13762000000", "interestExpense": "3797000000", "nonInterestIncome": "6874000000", "otherNonOperatingIncome": "None", "depreciation": "778000000", "depreciationAndAmortization": "1315000000", "incomeBeforeTax": "6270000000", "incomeTaxExpense": "901000000", "interestAndDebtExpense": "3797000000", "netIncomeFromContinuingOperations": "4542000000", "comprehensiveIncomeNetOfTax": "6893000000", "ebit": "10067000000", "ebitda": "11382000000", "netIncome": "5369000000"}, {"fiscalDateEnding": "2018-12-31", "reportedCurrency": "USD", "grossProfit": "6428000000", "totalRevenue": "16190000000", "costOfRevenue": "10704000000", "costofGoodsAndServicesSold": "None", "operatingIncome": "3780000000", "sellingGeneralAndAdministrative": "1519000000", "researchAndDevelopment": "None", "operatingExpenses": "2648000000", "investmentIncomeNet": "None", "netInterestIncome": "9721000000", "interestIncome": "12582000000", "interestExpense": "2861000000", "nonInterestIncome": "6469000000", "otherNonOperatingIncome": "None", "depreciation": "754000000", "depreciationAndAmortization": "1129000000", "incomeBeforeTax": "6229000000", "incomeTaxExpense": "928000000", "interestAndDebtExpense": "2861000000", "netIncomeFromContinuingOperations": "4513000000", "comprehensiveIncomeNetOfTax": "4718000000", "ebit": "9090000000", "ebitda": "10219000000", "netIncome": "5301000000"}, {"fiscalDateEnding": "2017-12-31", "reportedCurrency": "USD", "grossProfit": "5490000000", "totalRevenue": "16329000000", "costOfRevenue": "10839000000", "costofGoodsAndServicesSold": "2147000000", "operatingIncome": "-2394000000", "sellingGeneralAndAdministrative": "6767000000", "researchAndDevelopment": "None", "operatingExpenses": "7884000000", "investmentIncomeNet": "None", "netInterestIncome": "9108000000", "interestIncome": "10814000000", "interestExpense": "1706000000", "nonInterestIncome": "7221000000", "otherNonOperatingIncome": "None", "depreciation": "743000000", "depreciationAndAmortization": "1117000000", "incomeBeforeTax": "5440000000", "incomeTaxExpense": "102000000", "interestAndDebtExpense": "1706000000", "netIncomeFromContinuingOperations": "5388000000", "comprehensiveIncomeNetOfTax": "5455000000", "ebit": "7146000000", "ebitda": "8263000000", "netIncome": "5338000000"}, {"fiscalDateEnding": "2016-12-31", "reportedCurrency": "USD", "grossProfit": "5253000000", "totalRevenue": "15162000000", "costOfRevenue": "9909000000", "costofGoodsAndServicesSold": "1694000000", "operatingIncome": "-2331000000", "sellingGeneralAndAdministrative": "6391000000", "researchAndDevelopment": "None", "operatingExpenses": "7584000000", "investmentIncomeNet": "None", "netInterestIncome": "8391000000", "interestIncome": "9652000000", "interestExpense": "1261000000", "nonInterestIncome": "6771000000", "otherNonOperatingIncome": "None", "depreciation": "683000000", "depreciationAndAmortization": "1193000000", "incomeBeforeTax": "5171000000", "incomeTaxExpense": "1268000000", "interestAndDebtExpense": "1261000000", "netIncomeFromContinuingOperations": "3985000000", "comprehensiveIncomeNetOfTax": "3508000000", "ebit": "6432000000", "ebitda": "7625000000", "netIncome": "3903000000"}], "quarterlyReports": [{"fiscalDateEnding": "2021-09-30", "reportedCurrency": "USD", "grossProfit": "1839000000", "totalRevenue": "5197000000", "costOfRevenue": "3358000000", "costofGoodsAndServicesSold": "None", "operatingIncome": "1488000000", "sellingGeneralAndAdministrative": "351000000", "researchAndDevelopment": "None", "operatingExpenses": "351000000", "investmentIncomeNet": "None", "netInterestIncome": "2856000000", "interestIncome": "2975000000", "interestExpense": "119000000", "nonInterestIncome": "2341000000", "otherNonOperatingIncome": "None", "depreciation": "None", "depreciationAndAmortization": "421000000", "incomeBeforeTax": "1797000000", "incomeTaxExpense": "323000000", "interestAndDebtExpense": "119000000", "netIncomeFromContinuingOperations": "1474000000", "comprehensiveIncomeNetOfTax": "1090000000", "ebit": "1916000000", "ebitda": "2337000000", "netIncome": "1474000000"}, {"fiscalDateEnding": "2021-06-30", "reportedCurrency": "USD", "grossProfit": "1411000000", "totalRevenue": "4667000000", "costOfRevenue": "3256000000", "costofGoodsAndServicesSold": "None", "operatingIncome": "1120000000", "sellingGeneralAndAdministrative": "291000000", "researchAndDevelopment": "None", "operatingExpenses": "291000000", "investmentIncomeNet": "None", "netInterestIncome": "2581000000", "interestIncome": "2701000000", "interestExpense": "120000000", "nonInterestIncome": "2086000000", "otherNonOperatingIncome": "None", "depreciation": "None", "depreciationAndAmortization": "419000000", "incomeBeforeTax": "1303000000", "incomeTaxExpense": "212000000", "interestAndDebtExpense": "120000000", "netIncomeFromContinuingOperations": "1091000000", "comprehensiveIncomeNetOfTax": "1264000000", "ebit": "1423000000", "ebitda": "1842000000", "netIncome": "1091000000"}, {"fiscalDateEnding": "2021-03-31", "reportedCurrency": "USD", "grossProfit": "2148000000", "totalRevenue": "4220000000", "costOfRevenue": "2072000000", "costofGoodsAndServicesSold": "None", "operatingIncome": "1513000000", "sellingGeneralAndAdministrative": "260000000", "researchAndDevelopment": "None", "operatingExpenses": "635000000", "investmentIncomeNet": "None", "netInterestIncome": "2348000000", "interestIncome": "2483000000", "interestExpense": "135000000", "nonInterestIncome": "1872000000", "otherNonOperatingIncome": "None", "depreciation": "None", "depreciationAndAmortization": "375000000", "incomeBeforeTax": "2187000000", "incomeTaxExpense": "371000000", "interestAndDebtExpense": "135000000", "netIncomeFromContinuingOperations": "1816000000", "comprehensiveIncomeNetOfTax": "336000000", "ebit": "2322000000", "ebitda": "2697000000", "netIncome": "1816000000"}, {"fiscalDateEnding": "2020-12-31", "reportedCurrency": "USD", "grossProfit": "4060000000", "totalRevenue": "4208000000", "costOfRevenue": "2544000000", "costofGoodsAndServicesSold": "None", "operatingIncome": "3228000000", "sellingGeneralAndAdministrative": "279000000", "researchAndDevelopment": "None", "operatingExpenses": "832000000", "investmentIncomeNet": "None", "netInterestIncome": "2424000000", "interestIncome": "2576000000", "interestExpense": "152000000", "nonInterestIncome": "1784000000", "otherNonOperatingIncome": "None", "depreciation": "None", "depreciationAndAmortization": "553000000", "incomeBeforeTax": "1754000000", "incomeTaxExpense": "298000000", "interestAndDebtExpense": "152000000", "netIncomeFromContinuingOperations": "1442000000", "comprehensiveIncomeNetOfTax": "1215000000", "ebit": "1906000000", "ebitda": "2459000000", "netIncome": "1456000000"}, {"fiscalDateEnding": "2020-09-30", "reportedCurrency": "USD", "grossProfit": "2088000000", "totalRevenue": "4281000000", "costOfRevenue": "2508000000", "costofGoodsAndServicesSold": "None", "operatingIncome": "1816000000", "sellingGeneralAndAdministrative": "272000000", "researchAndDevelopment": "None", "operatingExpenses": "272000000", "investmentIncomeNet": "None", "netInterestIncome": "2484000000", "interestIncome": "2676000000", "interestExpense": "192000000", "nonInterestIncome": "1797000000", "otherNonOperatingIncome": "None", "depreciation": "None", "depreciationAndAmortization": "232000000", "incomeBeforeTax": "1698000000", "incomeTaxExpense": "166000000", "interestAndDebtExpense": "192000000", "netIncomeFromContinuingOperations": "1519000000", "comprehensiveIncomeNetOfTax": "1447000000", "ebit": "1890000000", "ebitda": "2122000000", "netIncome": "1532000000"}, {"fiscalDateEnding": "2020-06-30", "reportedCurrency": "USD", "grossProfit": "1757000000", "totalRevenue": "4076000000", "costOfRevenue": "2515000000", "costofGoodsAndServicesSold": "None", "operatingIncome": "1511000000", "sellingGeneralAndAdministrative": "246000000", "researchAndDevelopment": "None", "operatingExpenses": "246000000", "investmentIncomeNet": "None", "netInterestIncome": "2527000000", "interestIncome": "2855000000", "interestExpense": "328000000", "nonInterestIncome": "1549000000", "otherNonOperatingIncome": "None", "depreciation": "None", "depreciationAndAmortization": "384000000", "incomeBeforeTax": "3497000000", "incomeTaxExpense": "-158000000", "interestAndDebtExpense": "328000000", "netIncomeFromContinuingOperations": "-751000000", "comprehensiveIncomeNetOfTax": "4199000000", "ebit": "3825000000", "ebitda": "4209000000", "netIncome": "3655000000"}, {"fiscalDateEnding": "2020-03-31", "reportedCurrency": "USD", "grossProfit": "335000000", "totalRevenue": "4336000000", "costOfRevenue": "3495000000", "costofGoodsAndServicesSold": "None", "operatingIncome": "-258000000", "sellingGeneralAndAdministrative": "265000000", "researchAndDevelopment": "None", "operatingExpenses": "593000000", "investmentIncomeNet": "None", "netInterestIncome": "2511000000", "interestIncome": "3200000000", "interestExpense": "689000000", "nonInterestIncome": "1825000000", "otherNonOperatingIncome": "None", "depreciation": "None", "depreciationAndAmortization": "328000000", "incomeBeforeTax": "1028000000", "incomeTaxExpense": "120000000", "interestAndDebtExpense": "689000000", "netIncomeFromContinuingOperations": "752000000", "comprehensiveIncomeNetOfTax": "2627000000", "ebit": "1717000000", "ebitda": "2045000000", "netIncome": "908000000"}, {"fiscalDateEnding": "2019-12-31", "reportedCurrency": "USD", "grossProfit": "2289000000", "totalRevenue": "3621000000", "costOfRevenue": "2983000000", "costofGoodsAndServicesSold": "None", "operatingIncome": "1600000000", "sellingGeneralAndAdministrative": "278000000", "researchAndDevelopment": "None", "operatingExpenses": "689000000", "investmentIncomeNet": "None", "netInterestIncome": "2488000000", "interestIncome": "3334000000", "interestExpense": "846000000", "nonInterestIncome": "1833000000", "otherNonOperatingIncome": "None", "depreciation": "None", "depreciationAndAmortization": "411000000", "incomeBeforeTax": "1562000000", "incomeTaxExpense": "195000000", "interestAndDebtExpense": "846000000", "netIncomeFromContinuingOperations": "505000000", "comprehensiveIncomeNetOfTax": "1329000000", "ebit": "2408000000", "ebitda": "2819000000", "netIncome": "1367000000"}, {"fiscalDateEnding": "2019-09-30", "reportedCurrency": "USD", "grossProfit": "1687000000", "totalRevenue": "4493000000", "costOfRevenue": "2806000000", "costofGoodsAndServicesSold": "None", "operatingIncome": "1405000000", "sellingGeneralAndAdministrative": "282000000", "researchAndDevelopment": "None", "operatingExpenses": "282000000", "investmentIncomeNet": "None", "netInterestIncome": "2504000000", "interestIncome": "3503000000", "interestExpense": "999000000", "nonInterestIncome": "1738000000", "otherNonOperatingIncome": "None", "depreciation": "None", "depreciationAndAmortization": "325000000", "incomeBeforeTax": "1634000000", "incomeTaxExpense": "255000000", "interestAndDebtExpense": "999000000", "netIncomeFromContinuingOperations": "1392000000", "comprehensiveIncomeNetOfTax": "1585000000", "ebit": "2633000000", "ebitda": "2958000000", "netIncome": "1379000000"}, {"fiscalDateEnding": "2019-06-30", "reportedCurrency": "USD", "grossProfit": "1648000000", "totalRevenue": "4439000000", "costOfRevenue": "2791000000", "costofGoodsAndServicesSold": "None", "operatingIncome": "1353000000", "sellingGeneralAndAdministrative": "295000000", "researchAndDevelopment": "None", "operatingExpenses": "295000000", "investmentIncomeNet": "None", "netInterestIncome": "2498000000", "interestIncome": "3497000000", "interestExpense": "999000000", "nonInterestIncome": "1717000000", "otherNonOperatingIncome": "None", "depreciation": "None", "depreciationAndAmortization": "307000000", "incomeBeforeTax": "1601000000", "incomeTaxExpense": "239000000", "interestAndDebtExpense": "999000000", "netIncomeFromContinuingOperations": "1374000000", "comprehensiveIncomeNetOfTax": "1998000000", "ebit": "2600000000", "ebitda": "2907000000", "netIncome": "1362000000"}, {"fiscalDateEnding": "2019-03-31", "reportedCurrency": "USD", "grossProfit": "1519000000", "totalRevenue": "4286000000", "costOfRevenue": "2767000000", "costofGoodsAndServicesSold": "None", "operatingIncome": "967000000", "sellingGeneralAndAdministrative": "280000000", "researchAndDevelopment": "None", "operatingExpenses": "552000000", "investmentIncomeNet": "None", "netInterestIncome": "2475000000", "interestIncome": "3428000000", "interestExpense": "953000000", "nonInterestIncome": "1811000000", "otherNonOperatingIncome": "None", "depreciation": "None", "depreciationAndAmortization": "272000000", "incomeBeforeTax": "1509000000", "incomeTaxExpense": "248000000", "interestAndDebtExpense": "953000000", "netIncomeFromContinuingOperations": "1271000000", "comprehensiveIncomeNetOfTax": "1981000000", "ebit": "2462000000", "ebitda": "2734000000", "netIncome": "1261000000"}, {"fiscalDateEnding": "2018-12-31", "reportedCurrency": "USD", "grossProfit": "1615000000", "totalRevenue": "3398000000", "costOfRevenue": "2725000000", "costofGoodsAndServicesSold": "1026000000", "operatingIncome": "4746000000", "sellingGeneralAndAdministrative": "-3421000000", "researchAndDevelopment": "None", "operatingExpenses": "-3131000000", "investmentIncomeNet": "None", "netInterestIncome": "2481000000", "interestIncome": "3359000000", "interestExpense": "878000000", "nonInterestIncome": "917000000", "otherNonOperatingIncome": "None", "depreciation": "None", "depreciationAndAmortization": "290000000", "incomeBeforeTax": "1447000000", "incomeTaxExpense": "110000000", "interestAndDebtExpense": "878000000", "netIncomeFromContinuingOperations": "518000000", "comprehensiveIncomeNetOfTax": "1872000000", "ebit": "2325000000", "ebitda": "2615000000", "netIncome": "1337000000"}, {"fiscalDateEnding": "2018-09-30", "reportedCurrency": "USD", "grossProfit": "1661000000", "totalRevenue": "4357000000", "costOfRevenue": "2696000000", "costofGoodsAndServicesSold": "845000000", "operatingIncome": "-18000000", "sellingGeneralAndAdministrative": "1679000000", "researchAndDevelopment": "None", "operatingExpenses": "1679000000", "investmentIncomeNet": "None", "netInterestIncome": "2466000000", "interestIncome": "3223000000", "interestExpense": "757000000", "nonInterestIncome": "1891000000", "otherNonOperatingIncome": "None", "depreciation": "None", "depreciationAndAmortization": "272000000", "incomeBeforeTax": "1650000000", "incomeTaxExpense": "261000000", "interestAndDebtExpense": "757000000", "netIncomeFromContinuingOperations": "1400000000", "comprehensiveIncomeNetOfTax": "1069000000", "ebit": "2407000000", "ebitda": "2679000000", "netIncome": "1389000000"}, {"fiscalDateEnding": "2018-06-30", "reportedCurrency": "USD", "grossProfit": "1660000000", "totalRevenue": "4324000000", "costOfRevenue": "2664000000", "costofGoodsAndServicesSold": "749000000", "operatingIncome": "26000000", "sellingGeneralAndAdministrative": "1634000000", "researchAndDevelopment": "None", "operatingExpenses": "1634000000", "investmentIncomeNet": "None", "netInterestIncome": "2413000000", "interestIncome": "3082000000", "interestExpense": "669000000", "nonInterestIncome": "1911000000", "otherNonOperatingIncome": "None", "depreciation": "None", "depreciationAndAmortization": "287000000", "incomeBeforeTax": "1650000000", "incomeTaxExpense": "304000000", "interestAndDebtExpense": "669000000", "netIncomeFromContinuingOperations": "1356000000", "comprehensiveIncomeNetOfTax": "1105000000", "ebit": "2319000000", "ebitda": "2606000000", "netIncome": "1346000000"}, {"fiscalDateEnding": "2018-03-31", "reportedCurrency": "USD", "grossProfit": "1492000000", "totalRevenue": "4111000000", "costOfRevenue": "2619000000", "costofGoodsAndServicesSold": "649000000", "operatingIncome": "-415000000", "sellingGeneralAndAdministrative": "1627000000", "researchAndDevelopment": "None", "operatingExpenses": "1907000000", "investmentIncomeNet": "None", "netInterestIncome": "2361000000", "interestIncome": "2918000000", "interestExpense": "557000000", "nonInterestIncome": "1750000000", "otherNonOperatingIncome": "None", "depreciation": "None", "depreciationAndAmortization": "280000000", "incomeBeforeTax": "1482000000", "incomeTaxExpense": "253000000", "interestAndDebtExpense": "557000000", "netIncomeFromContinuingOperations": "1239000000", "comprehensiveIncomeNetOfTax": "672000000", "ebit": "2039000000", "ebitda": "2319000000", "netIncome": "1229000000"}, {"fiscalDateEnding": "2017-12-31", "reportedCurrency": "USD", "grossProfit": "1074000000", "totalRevenue": "4260000000", "costOfRevenue": "3186000000", "costofGoodsAndServicesSold": "605000000", "operatingIncome": "-1353000000", "sellingGeneralAndAdministrative": "2169000000", "researchAndDevelopment": "None", "operatingExpenses": "2427000000", "investmentIncomeNet": "None", "netInterestIncome": "2345000000", "interestIncome": "2825000000", "interestExpense": "480000000", "nonInterestIncome": "1915000000", "otherNonOperatingIncome": "None", "depreciation": "None", "depreciationAndAmortization": "258000000", "incomeBeforeTax": "1063000000", "incomeTaxExpense": "-1017000000", "interestAndDebtExpense": "480000000", "netIncomeFromContinuingOperations": "2091000000", "comprehensiveIncomeNetOfTax": "1954000000", "ebit": "1543000000", "ebitda": "1801000000", "netIncome": "2080000000"}, {"fiscalDateEnding": "2017-09-30", "reportedCurrency": "USD", "grossProfit": "1539000000", "totalRevenue": "4125000000", "costOfRevenue": "2586000000", "costofGoodsAndServicesSold": "580000000", "operatingIncome": "-1000000", "sellingGeneralAndAdministrative": "1540000000", "researchAndDevelopment": "None", "operatingExpenses": "1540000000", "investmentIncomeNet": "None", "netInterestIncome": "2345000000", "interestIncome": "2795000000", "interestExpense": "450000000", "nonInterestIncome": "1780000000", "otherNonOperatingIncome": "None", "depreciation": "None", "depreciationAndAmortization": "291000000", "incomeBeforeTax": "1527000000", "incomeTaxExpense": "413000000", "interestAndDebtExpense": "450000000", "netIncomeFromContinuingOperations": "1126000000", "comprehensiveIncomeNetOfTax": "1190000000", "ebit": "1977000000", "ebitda": "2268000000", "netIncome": "1114000000"}, {"fiscalDateEnding": "2017-06-30", "reportedCurrency": "USD", "grossProfit": "1483000000", "totalRevenue": "4060000000", "costOfRevenue": "2577000000", "costofGoodsAndServicesSold": "514000000", "operatingIncome": "-49000000", "sellingGeneralAndAdministrative": "1532000000", "researchAndDevelopment": "None", "operatingExpenses": "1532000000", "investmentIncomeNet": "None", "netInterestIncome": "2258000000", "interestIncome": "2674000000", "interestExpense": "416000000", "nonInterestIncome": "1802000000", "otherNonOperatingIncome": "None", "depreciation": "None", "depreciationAndAmortization": "289000000", "incomeBeforeTax": "1473000000", "incomeTaxExpense": "386000000", "interestAndDebtExpense": "416000000", "netIncomeFromContinuingOperations": "1097000000", "comprehensiveIncomeNetOfTax": "1268000000", "ebit": "1889000000", "ebitda": "2178000000", "netIncome": "1087000000"}, {"fiscalDateEnding": "2017-03-31", "reportedCurrency": "USD", "grossProfit": "1394000000", "totalRevenue": "3884000000", "costOfRevenue": "2490000000", "costofGoodsAndServicesSold": "448000000", "operatingIncome": "-411000000", "sellingGeneralAndAdministrative": "1526000000", "researchAndDevelopment": "None", "operatingExpenses": "1805000000", "investmentIncomeNet": "None", "netInterestIncome": "2160000000", "interestIncome": "2520000000", "interestExpense": "360000000", "nonInterestIncome": "1724000000", "otherNonOperatingIncome": "None", "depreciation": "None", "depreciationAndAmortization": "279000000", "incomeBeforeTax": "1377000000", "incomeTaxExpense": "320000000", "interestAndDebtExpense": "360000000", "netIncomeFromContinuingOperations": "1074000000", "comprehensiveIncomeNetOfTax": "1043000000", "ebit": "1737000000", "ebitda": "2016000000", "netIncome": "1057000000"}, {"fiscalDateEnding": "2016-12-31", "reportedCurrency": "USD", "grossProfit": "1366000000", "totalRevenue": "3874000000", "costOfRevenue": "2508000000", "costofGoodsAndServicesSold": "390000000", "operatingIncome": "-853000000", "sellingGeneralAndAdministrative": "1943000000", "researchAndDevelopment": "None", "operatingExpenses": "2219000000", "investmentIncomeNet": "None", "netInterestIncome": "2130000000", "interestIncome": "2453000000", "interestExpense": "323000000", "nonInterestIncome": "1744000000", "otherNonOperatingIncome": "None", "depreciation": "None", "depreciationAndAmortization": "276000000", "incomeBeforeTax": "1344000000", "incomeTaxExpense": "319000000", "interestAndDebtExpense": "323000000", "netIncomeFromContinuingOperations": "1047000000", "comprehensiveIncomeNetOfTax": "114000000", "ebit": "1667000000", "ebitda": "1943000000", "netIncome": "1025000000"}]}