{"symbol": "POOL", "annualReports": [{"fiscalDateEnding": "2020-12-31", "reportedCurrency": "USD", "grossProfit": "1130902000", "totalRevenue": "3936623000", "costOfRevenue": "2805721000", "costofGoodsAndServicesSold": "2362000", "operatingIncome": "464027000", "sellingGeneralAndAdministrative": "659931000", "researchAndDevelopment": "None", "operatingExpenses": "667249000", "investmentIncomeNet": "None", "netInterestIncome": "-12353000", "interestIncome": "None", "interestExpense": "12353000", "nonInterestIncome": "-1786000", "otherNonOperatingIncome": "-12058000", "depreciation": "27967000", "depreciationAndAmortization": "1000000", "incomeBeforeTax": "451969000", "incomeTaxExpense": "85231000", "interestAndDebtExpense": "None", "netIncomeFromContinuingOperations": "366738000", "comprehensiveIncomeNetOfTax": "363078000", "ebit": "464027000", "ebitda": "465027000", "netIncome": "366738000"}, {"fiscalDateEnding": "2019-12-31", "reportedCurrency": "USD", "grossProfit": "924925000", "totalRevenue": "3199517000", "costOfRevenue": "2274592000", "costofGoodsAndServicesSold": "1310000", "operatingIncome": "341246000", "sellingGeneralAndAdministrative": "583679000", "researchAndDevelopment": "None", "operatingExpenses": "583884000", "investmentIncomeNet": "None", "netInterestIncome": "-23772000", "interestIncome": "-23772000", "interestExpense": "23772000", "nonInterestIncome": "-1262000", "otherNonOperatingIncome": "-23510000", "depreciation": "27885000", "depreciationAndAmortization": "1000000", "incomeBeforeTax": "317736000", "incomeTaxExpense": "56161000", "interestAndDebtExpense": "None", "netIncomeFromContinuingOperations": "261575000", "comprehensiveIncomeNetOfTax": "262213000", "ebit": "341246000", "ebitda": "342246000", "netIncome": "261575000"}, {"fiscalDateEnding": "2018-12-31", "reportedCurrency": "USD", "grossProfit": "870173000", "totalRevenue": "2998097000", "costOfRevenue": "2127924000", "costofGoodsAndServicesSold": "1462000", "operatingIncome": "313889000", "sellingGeneralAndAdministrative": "556284000", "researchAndDevelopment": "None", "operatingExpenses": "559381000", "investmentIncomeNet": "None", "netInterestIncome": "-20896000", "interestIncome": "-20896000", "interestExpense": "20896000", "nonInterestIncome": "-271000", "otherNonOperatingIncome": "-20654000", "depreciation": "26122000", "depreciationAndAmortization": "1100000", "incomeBeforeTax": "293235000", "incomeTaxExpense": "58774000", "interestAndDebtExpense": "None", "netIncomeFromContinuingOperations": "234461000", "comprehensiveIncomeNetOfTax": "230792000", "ebit": "313889000", "ebitda": "314989000", "netIncome": "234461000"}, {"fiscalDateEnding": "2017-12-31", "reportedCurrency": "USD", "grossProfit": "805289000", "totalRevenue": "2788188000", "costOfRevenue": "1982899000", "costofGoodsAndServicesSold": "44980000", "operatingIncome": "284371000", "sellingGeneralAndAdministrative": "520918000", "researchAndDevelopment": "None", "operatingExpenses": "522655000", "investmentIncomeNet": "None", "netInterestIncome": "-15189000", "interestIncome": "-15189000", "interestExpense": "15189000", "nonInterestIncome": "-925000", "otherNonOperatingIncome": "-15050000", "depreciation": "24157000", "depreciationAndAmortization": "976000", "incomeBeforeTax": "269615000", "incomeTaxExpense": "77982000", "interestAndDebtExpense": "1381000", "netIncomeFromContinuingOperations": "191339000", "comprehensiveIncomeNetOfTax": "198163000", "ebit": "284371000", "ebitda": "285347000", "netIncome": "191633000"}, {"fiscalDateEnding": "2016-12-31", "reportedCurrency": "USD", "grossProfit": "741087000", "totalRevenue": "2570803000", "costOfRevenue": "1829716000", "costofGoodsAndServicesSold": "39431000", "operatingIncome": "255859000", "sellingGeneralAndAdministrative": "485228000", "researchAndDevelopment": "None", "operatingExpenses": "489878000", "investmentIncomeNet": "None", "netInterestIncome": "-14481000", "interestIncome": "-14481000", "interestExpense": "14481000", "nonInterestIncome": "-359000", "otherNonOperatingIncome": "-14325000", "depreciation": "20338000", "depreciationAndAmortization": "1012000", "incomeBeforeTax": "241886000", "incomeTaxExpense": "92931000", "interestAndDebtExpense": "None", "netIncomeFromContinuingOperations": "148603000", "comprehensiveIncomeNetOfTax": "148632000", "ebit": "255859000", "ebitda": "256871000", "netIncome": "148955000"}], "quarterlyReports": [{"fiscalDateEnding": "2021-09-30", "reportedCurrency": "USD", "grossProfit": "441899000", "totalRevenue": "1411448000", "costOfRevenue": "969549000", "costofGoodsAndServicesSold": "969549000", "operatingIncome": "237276000", "sellingGeneralAndAdministrative": "206023000", "researchAndDevelopment": "None", "operatingExpenses": "206023000", "investmentIncomeNet": "None", "netInterestIncome": "-2317000", "interestIncome": "None", "interestExpense": "2317000", "nonInterestIncome": "None", "otherNonOperatingIncome": "-2225000", "depreciation": "7143000", "depreciationAndAmortization": "7484000", "incomeBeforeTax": "235051000", "incomeTaxExpense": "50386000", "interestAndDebtExpense": "None", "netIncomeFromContinuingOperations": "184665000", "comprehensiveIncomeNetOfTax": "182583000", "ebit": "237276000", "ebitda": "244852000", "netIncome": "184665000"}, {"fiscalDateEnding": "2021-06-30", "reportedCurrency": "USD", "grossProfit": "551685000", "totalRevenue": "1787833000", "costOfRevenue": "1236148000", "costofGoodsAndServicesSold": "1236148000", "operatingIncome": "338586000", "sellingGeneralAndAdministrative": "213099000", "researchAndDevelopment": "None", "operatingExpenses": "213099000", "investmentIncomeNet": "None", "netInterestIncome": "-1963000", "interestIncome": "None", "interestExpense": "1963000", "nonInterestIncome": "None", "otherNonOperatingIncome": "-1906000", "depreciation": "7000000", "depreciationAndAmortization": "7302000", "incomeBeforeTax": "336680000", "incomeTaxExpense": "76985000", "interestAndDebtExpense": "None", "netIncomeFromContinuingOperations": "259695000", "comprehensiveIncomeNetOfTax": "258840000", "ebit": "338586000", "ebitda": "345945000", "netIncome": "259695000"}, {"fiscalDateEnding": "2021-03-31", "reportedCurrency": "USD", "grossProfit": "301131000", "totalRevenue": "1060745000", "costOfRevenue": "759614000", "costofGoodsAndServicesSold": "759614000", "operatingIncome": "129031000", "sellingGeneralAndAdministrative": "172100000", "researchAndDevelopment": "None", "operatingExpenses": "172100000", "investmentIncomeNet": "None", "netInterestIncome": "-2582000", "interestIncome": "None", "interestExpense": "2582000", "nonInterestIncome": "None", "otherNonOperatingIncome": "-2507000", "depreciation": "6884000", "depreciationAndAmortization": "7305000", "incomeBeforeTax": "126524000", "incomeTaxExpense": "27869000", "interestAndDebtExpense": "None", "netIncomeFromContinuingOperations": "98655000", "comprehensiveIncomeNetOfTax": "106524000", "ebit": "129031000", "ebitda": "136411000", "netIncome": "98655000"}, {"fiscalDateEnding": "2020-12-31", "reportedCurrency": "USD", "grossProfit": "239095000", "totalRevenue": "839261000", "costOfRevenue": "600166000", "costofGoodsAndServicesSold": "600166000", "operatingIncome": "74350000", "sellingGeneralAndAdministrative": "164745000", "researchAndDevelopment": "None", "operatingExpenses": "165119000", "investmentIncomeNet": "None", "netInterestIncome": "-3061000", "interestIncome": "None", "interestExpense": "3061000", "nonInterestIncome": "None", "otherNonOperatingIncome": "-3013000", "depreciation": "6988000", "depreciationAndAmortization": "7444000", "incomeBeforeTax": "71337000", "incomeTaxExpense": "12163000", "interestAndDebtExpense": "None", "netIncomeFromContinuingOperations": "239095000", "comprehensiveIncomeNetOfTax": "239095000", "ebit": "74350000", "ebitda": "81841000", "netIncome": "59174000"}, {"fiscalDateEnding": "2020-09-30", "reportedCurrency": "USD", "grossProfit": "328698000", "totalRevenue": "1139229000", "costOfRevenue": "810531000", "costofGoodsAndServicesSold": "810531000", "operatingIncome": "148233000", "sellingGeneralAndAdministrative": "180465000", "researchAndDevelopment": "None", "operatingExpenses": "180465000", "investmentIncomeNet": "None", "netInterestIncome": "-1861000", "interestIncome": "None", "interestExpense": "1861000", "nonInterestIncome": "None", "otherNonOperatingIncome": "-1775000", "depreciation": "6986000", "depreciationAndAmortization": "7306000", "incomeBeforeTax": "146458000", "incomeTaxExpense": "27360000", "interestAndDebtExpense": "None", "netIncomeFromContinuingOperations": "119098000", "comprehensiveIncomeNetOfTax": "122228000", "ebit": "148233000", "ebitda": "155625000", "netIncome": "119098000"}, {"fiscalDateEnding": "2020-06-30", "reportedCurrency": "USD", "grossProfit": "373481000", "totalRevenue": "1280846000", "costOfRevenue": "907365000", "costofGoodsAndServicesSold": "907365000", "operatingIncome": "205857000", "sellingGeneralAndAdministrative": "167624000", "researchAndDevelopment": "None", "operatingExpenses": "167624000", "investmentIncomeNet": "None", "netInterestIncome": "-2643000", "interestIncome": "-2643000", "interestExpense": "2643000", "nonInterestIncome": "None", "otherNonOperatingIncome": "-2569000", "depreciation": "6992000", "depreciationAndAmortization": "7311000", "incomeBeforeTax": "203288000", "incomeTaxExpense": "45733000", "interestAndDebtExpense": "None", "netIncomeFromContinuingOperations": "157555000", "comprehensiveIncomeNetOfTax": "157122000", "ebit": "205857000", "ebitda": "213242000", "netIncome": "157555000"}, {"fiscalDateEnding": "2020-03-31", "reportedCurrency": "USD", "grossProfit": "189629000", "totalRevenue": "677288000", "costOfRevenue": "487659000", "costofGoodsAndServicesSold": "487659000", "operatingIncome": "35588000", "sellingGeneralAndAdministrative": "147097000", "researchAndDevelopment": "None", "operatingExpenses": "153997000", "investmentIncomeNet": "None", "netInterestIncome": "-4789000", "interestIncome": "-4789000", "interestExpense": "4789000", "nonInterestIncome": "None", "otherNonOperatingIncome": "-4701000", "depreciation": "7001000", "depreciationAndAmortization": "7337000", "incomeBeforeTax": "30887000", "incomeTaxExpense": "-25000", "interestAndDebtExpense": "None", "netIncomeFromContinuingOperations": "30912000", "comprehensiveIncomeNetOfTax": "16972000", "ebit": "35588000", "ebitda": "43013000", "netIncome": "30912000"}, {"fiscalDateEnding": "2019-12-31", "reportedCurrency": "USD", "grossProfit": "162050000", "totalRevenue": "582234000", "costOfRevenue": "420184000", "costofGoodsAndServicesSold": "420184000", "operatingIncome": "25798000", "sellingGeneralAndAdministrative": "136252000", "researchAndDevelopment": "None", "operatingExpenses": "136457000", "investmentIncomeNet": "None", "netInterestIncome": "-5234000", "interestIncome": "-5234000", "interestExpense": "5234000", "nonInterestIncome": "None", "otherNonOperatingIncome": "-5182000", "depreciation": "7237000", "depreciationAndAmortization": "7577000", "incomeBeforeTax": "20616000", "incomeTaxExpense": "2592000", "interestAndDebtExpense": "None", "netIncomeFromContinuingOperations": "162050000", "comprehensiveIncomeNetOfTax": "21470000", "ebit": "25798000", "ebitda": "33427000", "netIncome": "18024000"}, {"fiscalDateEnding": "2019-09-30", "reportedCurrency": "USD", "grossProfit": "257931000", "totalRevenue": "898500000", "costOfRevenue": "640569000", "costofGoodsAndServicesSold": "640569000", "operatingIncome": "104540000", "sellingGeneralAndAdministrative": "153391000", "researchAndDevelopment": "None", "operatingExpenses": "153391000", "investmentIncomeNet": "None", "netInterestIncome": "-5498000", "interestIncome": "-5498000", "interestExpense": "5498000", "nonInterestIncome": "None", "otherNonOperatingIncome": "-5422000", "depreciation": "7090000", "depreciationAndAmortization": "7426000", "incomeBeforeTax": "99118000", "incomeTaxExpense": "19593000", "interestAndDebtExpense": "None", "netIncomeFromContinuingOperations": "79525000", "comprehensiveIncomeNetOfTax": "76804000", "ebit": "104540000", "ebitda": "112042000", "netIncome": "79525000"}, {"fiscalDateEnding": "2019-06-30", "reportedCurrency": "USD", "grossProfit": "330314000", "totalRevenue": "1121328000", "costOfRevenue": "791014000", "costofGoodsAndServicesSold": "791014000", "operatingIncome": "172523000", "sellingGeneralAndAdministrative": "157791000", "researchAndDevelopment": "None", "operatingExpenses": "157791000", "investmentIncomeNet": "None", "netInterestIncome": "-6424000", "interestIncome": "-6424000", "interestExpense": "6424000", "nonInterestIncome": "None", "otherNonOperatingIncome": "-6355000", "depreciation": "6909000", "depreciationAndAmortization": "7247000", "incomeBeforeTax": "166168000", "incomeTaxExpense": "34778000", "interestAndDebtExpense": "None", "netIncomeFromContinuingOperations": "131390000", "comprehensiveIncomeNetOfTax": "131358000", "ebit": "172523000", "ebitda": "179839000", "netIncome": "131390000"}, {"fiscalDateEnding": "2019-03-31", "reportedCurrency": "USD", "grossProfit": "174631000", "totalRevenue": "597456000", "costOfRevenue": "422825000", "costofGoodsAndServicesSold": "422825000", "operatingIncome": "38386000", "sellingGeneralAndAdministrative": "136245000", "researchAndDevelopment": "None", "operatingExpenses": "136245000", "investmentIncomeNet": "None", "netInterestIncome": "-6616000", "interestIncome": "None", "interestExpense": "6616000", "nonInterestIncome": "None", "otherNonOperatingIncome": "-6551000", "depreciation": "6649000", "depreciationAndAmortization": "7024000", "incomeBeforeTax": "31835000", "incomeTaxExpense": "-802000", "interestAndDebtExpense": "None", "netIncomeFromContinuingOperations": "32637000", "comprehensiveIncomeNetOfTax": "32582000", "ebit": "38386000", "ebitda": "45475000", "netIncome": "32637000"}, {"fiscalDateEnding": "2018-12-31", "reportedCurrency": "USD", "grossProfit": "160442000", "totalRevenue": "543082000", "costOfRevenue": "382640000", "costofGoodsAndServicesSold": "382641000", "operatingIncome": "25969000", "sellingGeneralAndAdministrative": "134472000", "researchAndDevelopment": "None", "operatingExpenses": "137569000", "investmentIncomeNet": "None", "netInterestIncome": "None", "interestIncome": "None", "interestExpense": "6447000", "nonInterestIncome": "None", "otherNonOperatingIncome": "-6372000", "depreciation": "6623000", "depreciationAndAmortization": "7008000", "incomeBeforeTax": "19596000", "incomeTaxExpense": "2785000", "interestAndDebtExpense": "None", "netIncomeFromContinuingOperations": "160442000", "comprehensiveIncomeNetOfTax": "13423000", "ebit": "25969000", "ebitda": "33052000", "netIncome": "16811000"}, {"fiscalDateEnding": "2018-09-30", "reportedCurrency": "USD", "grossProfit": "235003000", "totalRevenue": "811311000", "costOfRevenue": "576308000", "costofGoodsAndServicesSold": "576308000", "operatingIncome": "92337000", "sellingGeneralAndAdministrative": "142666000", "researchAndDevelopment": "None", "operatingExpenses": "142666000", "investmentIncomeNet": "None", "netInterestIncome": "None", "interestIncome": "None", "interestExpense": "4931000", "nonInterestIncome": "None", "otherNonOperatingIncome": "-4870000", "depreciation": "6611000", "depreciationAndAmortization": "7081000", "incomeBeforeTax": "87467000", "incomeTaxExpense": "18206000", "interestAndDebtExpense": "None", "netIncomeFromContinuingOperations": "69261000", "comprehensiveIncomeNetOfTax": "70481000", "ebit": "92337000", "ebitda": "99479000", "netIncome": "69261000"}, {"fiscalDateEnding": "2018-06-30", "reportedCurrency": "USD", "grossProfit": "308655000", "totalRevenue": "1057804000", "costOfRevenue": "749149000", "costofGoodsAndServicesSold": "749149000", "operatingIncome": "162042000", "sellingGeneralAndAdministrative": "146613000", "researchAndDevelopment": "None", "operatingExpenses": "146613000", "investmentIncomeNet": "None", "netInterestIncome": "None", "interestIncome": "None", "interestExpense": "5991000", "nonInterestIncome": "None", "otherNonOperatingIncome": "-5931000", "depreciation": "6589000", "depreciationAndAmortization": "7057000", "incomeBeforeTax": "156111000", "incomeTaxExpense": "39062000", "interestAndDebtExpense": "None", "netIncomeFromContinuingOperations": "117049000", "comprehensiveIncomeNetOfTax": "113749000", "ebit": "162042000", "ebitda": "169159000", "netIncome": "117049000"}, {"fiscalDateEnding": "2018-03-31", "reportedCurrency": "USD", "grossProfit": "166073000", "totalRevenue": "585900000", "costOfRevenue": "419827000", "costofGoodsAndServicesSold": "419827000", "operatingIncome": "33541000", "sellingGeneralAndAdministrative": "132532000", "researchAndDevelopment": "None", "operatingExpenses": "132532000", "investmentIncomeNet": "None", "netInterestIncome": "None", "interestIncome": "None", "interestExpense": "3527000", "nonInterestIncome": "None", "otherNonOperatingIncome": "-3481000", "depreciation": "6299000", "depreciationAndAmortization": "6769000", "incomeBeforeTax": "30060000", "incomeTaxExpense": "-1279000", "interestAndDebtExpense": "None", "netIncomeFromContinuingOperations": "31339000", "comprehensiveIncomeNetOfTax": "33139000", "ebit": "33541000", "ebitda": "40356000", "netIncome": "31339000"}, {"fiscalDateEnding": "2017-12-31", "reportedCurrency": "USD", "grossProfit": "145398000", "totalRevenue": "510183000", "costOfRevenue": "364785000", "costofGoodsAndServicesSold": "364785000", "operatingIncome": "17259000", "sellingGeneralAndAdministrative": "128139000", "researchAndDevelopment": "None", "operatingExpenses": "129876000", "investmentIncomeNet": "None", "netInterestIncome": "None", "interestIncome": "None", "interestExpense": "3581000", "nonInterestIncome": "None", "otherNonOperatingIncome": "-3563000", "depreciation": "6210000", "depreciationAndAmortization": "6646000", "incomeBeforeTax": "13696000", "incomeTaxExpense": "-11969000", "interestAndDebtExpense": "None", "netIncomeFromContinuingOperations": "145398000", "comprehensiveIncomeNetOfTax": "25308000", "ebit": "17259000", "ebitda": "23923000", "netIncome": "25665000"}, {"fiscalDateEnding": "2017-09-30", "reportedCurrency": "USD", "grossProfit": "216606000", "totalRevenue": "743401000", "costOfRevenue": "526795000", "costofGoodsAndServicesSold": "526795000", "operatingIncome": "81928000", "sellingGeneralAndAdministrative": "134678000", "researchAndDevelopment": "None", "operatingExpenses": "134678000", "investmentIncomeNet": "None", "netInterestIncome": "None", "interestIncome": "None", "interestExpense": "4009000", "nonInterestIncome": "None", "otherNonOperatingIncome": "-3966000", "depreciation": "6330000", "depreciationAndAmortization": "6719000", "incomeBeforeTax": "77962000", "incomeTaxExpense": "29179000", "interestAndDebtExpense": "None", "netIncomeFromContinuingOperations": "48783000", "comprehensiveIncomeNetOfTax": "50908000", "ebit": "81928000", "ebitda": "88690000", "netIncome": "48783000"}, {"fiscalDateEnding": "2017-06-30", "reportedCurrency": "USD", "grossProfit": "289664000", "totalRevenue": "988163000", "costOfRevenue": "698499000", "costofGoodsAndServicesSold": "698499000", "operatingIncome": "154186000", "sellingGeneralAndAdministrative": "135478000", "researchAndDevelopment": "None", "operatingExpenses": "135478000", "investmentIncomeNet": "None", "netInterestIncome": "None", "interestIncome": "None", "interestExpense": "3952000", "nonInterestIncome": "None", "otherNonOperatingIncome": "-3912000", "depreciation": "6060000", "depreciationAndAmortization": "6438000", "incomeBeforeTax": "150557000", "incomeTaxExpense": "55654000", "interestAndDebtExpense": "None", "netIncomeFromContinuingOperations": "94620000", "comprehensiveIncomeNetOfTax": "98131000", "ebit": "154186000", "ebitda": "160947000", "netIncome": "94903000"}, {"fiscalDateEnding": "2017-03-31", "reportedCurrency": "USD", "grossProfit": "153621000", "totalRevenue": "546441000", "costOfRevenue": "392820000", "costofGoodsAndServicesSold": "392820000", "operatingIncome": "30998000", "sellingGeneralAndAdministrative": "122623000", "researchAndDevelopment": "None", "operatingExpenses": "122623000", "investmentIncomeNet": "None", "netInterestIncome": "None", "interestIncome": "None", "interestExpense": "3647000", "nonInterestIncome": "None", "otherNonOperatingIncome": "-3609000", "depreciation": "5557000", "depreciationAndAmortization": "5922000", "incomeBeforeTax": "27400000", "incomeTaxExpense": "5119000", "interestAndDebtExpense": "None", "netIncomeFromContinuingOperations": "22270000", "comprehensiveIncomeNetOfTax": "23814000", "ebit": "30998000", "ebitda": "36969000", "netIncome": "22281000"}, {"fiscalDateEnding": "2016-12-31", "reportedCurrency": "USD", "grossProfit": "127777000", "totalRevenue": "445235000", "costOfRevenue": "317458000", "costofGoodsAndServicesSold": "317458000", "operatingIncome": "9743000", "sellingGeneralAndAdministrative": "118034000", "researchAndDevelopment": "None", "operatingExpenses": "122684000", "investmentIncomeNet": "None", "netInterestIncome": "None", "interestIncome": "None", "interestExpense": "4527000", "nonInterestIncome": "None", "otherNonOperatingIncome": "-4484000", "depreciation": "5318000", "depreciationAndAmortization": "5669000", "incomeBeforeTax": "5302000", "incomeTaxExpense": "2687000", "interestAndDebtExpense": "None", "netIncomeFromContinuingOperations": "127777000", "comprehensiveIncomeNetOfTax": "2415000", "ebit": "9743000", "ebitda": "15498000", "netIncome": "2615000"}]}