{"symbol": "PRU", "annualReports": [{"fiscalDateEnding": "2020-12-31", "reportedCurrency": "USD", "grossProfit": "-35862000000", "totalRevenue": "57033000000", "costOfRevenue": "92895000000", "costofGoodsAndServicesSold": "None", "operatingIncome": "-44749000000", "sellingGeneralAndAdministrative": "13913000000", "researchAndDevelopment": "None", "operatingExpenses": "8887000000", "investmentIncomeNet": "-736000000", "netInterestIncome": "-1574000000", "interestIncome": "None", "interestExpense": "1574000000", "nonInterestIncome": "32021000000", "otherNonOperatingIncome": "96000000", "depreciation": "None", "depreciationAndAmortization": "102000000", "incomeBeforeTax": "-455000000", "incomeTaxExpense": "-81000000", "interestAndDebtExpense": "1574000000", "netIncomeFromContinuingOperations": "-242000000", "comprehensiveIncomeNetOfTax": "6325000000", "ebit": "1119000000", "ebitda": "1221000000", "netIncome": "-374000000"}, {"fiscalDateEnding": "2019-12-31", "reportedCurrency": "USD", "grossProfit": "-32198000000", "totalRevenue": "64807000000", "costOfRevenue": "97005000000", "costofGoodsAndServicesSold": "46306000000", "operatingIncome": "-45679000000", "sellingGeneralAndAdministrative": "13416000000", "researchAndDevelopment": "None", "operatingExpenses": "5800000000", "investmentIncomeNet": "-992000000", "netInterestIncome": "-1550000000", "interestIncome": "None", "interestExpense": "1550000000", "nonInterestIncome": "34324000000", "otherNonOperatingIncome": "100000000", "depreciation": "None", "depreciationAndAmortization": "65000000", "incomeBeforeTax": "5133000000", "incomeTaxExpense": "947000000", "interestAndDebtExpense": "1550000000", "netIncomeFromContinuingOperations": "4138000000", "comprehensiveIncomeNetOfTax": "17312000000", "ebit": "6683000000", "ebitda": "6748000000", "netIncome": "4186000000"}, {"fiscalDateEnding": "2018-12-31", "reportedCurrency": "USD", "grossProfit": "-35073000000", "totalRevenue": "62992000000", "costOfRevenue": "98065000000", "costofGoodsAndServicesSold": "46209000000", "operatingIncome": "-47083000000", "sellingGeneralAndAdministrative": "11949000000", "researchAndDevelopment": "None", "operatingExpenses": "3222000000", "investmentIncomeNet": "-906000000", "netInterestIncome": "-1420000000", "interestIncome": "None", "interestExpense": "1420000000", "nonInterestIncome": "35906000000", "otherNonOperatingIncome": "76000000", "depreciation": "None", "depreciationAndAmortization": "61000000", "incomeBeforeTax": "4896000000", "incomeTaxExpense": "822000000", "interestAndDebtExpense": "1420000000", "netIncomeFromContinuingOperations": "4012000000", "comprehensiveIncomeNetOfTax": "-2900000000", "ebit": "6316000000", "ebitda": "6377000000", "netIncome": "4074000000"}, {"fiscalDateEnding": "2017-12-31", "reportedCurrency": "USD", "grossProfit": "-27945000000", "totalRevenue": "59689000000", "costOfRevenue": "87634000000", "costofGoodsAndServicesSold": "41287000000", "operatingIncome": "-40082000000", "sellingGeneralAndAdministrative": "11915000000", "researchAndDevelopment": "None", "operatingExpenses": "12137000000", "investmentIncomeNet": "-763000000", "netInterestIncome": "-1327000000", "interestIncome": "None", "interestExpense": "1327000000", "nonInterestIncome": "35183000000", "otherNonOperatingIncome": "49000000", "depreciation": "None", "depreciationAndAmortization": "222000000", "incomeBeforeTax": "6425000000", "incomeTaxExpense": "-1438000000", "interestAndDebtExpense": "1327000000", "netIncomeFromContinuingOperations": "7925000000", "comprehensiveIncomeNetOfTax": "10316000000", "ebit": "7752000000", "ebitda": "7974000000", "netIncome": "7863000000"}, {"fiscalDateEnding": "2016-12-31", "reportedCurrency": "USD", "grossProfit": "-28827000000", "totalRevenue": "58779000000", "costOfRevenue": "87606000000", "costofGoodsAndServicesSold": "41295000000", "operatingIncome": "-40924000000", "sellingGeneralAndAdministrative": "11779000000", "researchAndDevelopment": "None", "operatingExpenses": "12097000000", "investmentIncomeNet": "15520000000", "netInterestIncome": "-1320000000", "interestIncome": "None", "interestExpense": "1320000000", "nonInterestIncome": "40622000000", "otherNonOperatingIncome": "49000000", "depreciation": "None", "depreciationAndAmortization": "318000000", "incomeBeforeTax": "5703000000", "incomeTaxExpense": "1335000000", "interestAndDebtExpense": "1320000000", "netIncomeFromContinuingOperations": "4370000000", "comprehensiveIncomeNetOfTax": "6704000000", "ebit": "7023000000", "ebitda": "7341000000", "netIncome": "4368000000"}], "quarterlyReports": [{"fiscalDateEnding": "2021-09-30", "reportedCurrency": "USD", "grossProfit": "-12595000000", "totalRevenue": "21641000000", "costOfRevenue": "34236000000", "costofGoodsAndServicesSold": "None", "operatingIncome": "-15981000000", "sellingGeneralAndAdministrative": "3386000000", "researchAndDevelopment": "None", "operatingExpenses": "3386000000", "investmentIncomeNet": "-135000000", "netInterestIncome": "-367000000", "interestIncome": "None", "interestExpense": "367000000", "nonInterestIncome": "13193000000", "otherNonOperatingIncome": "18000000", "depreciation": "None", "depreciationAndAmortization": "42000000", "incomeBeforeTax": "1789000000", "incomeTaxExpense": "259000000", "interestAndDebtExpense": "None", "netIncomeFromContinuingOperations": "1547000000", "comprehensiveIncomeNetOfTax": "89000000", "ebit": "-15981000000", "ebitda": "2198000000", "netIncome": "1530000000"}, {"fiscalDateEnding": "2021-06-30", "reportedCurrency": "USD", "grossProfit": "-4842000000", "totalRevenue": "15917000000", "costOfRevenue": "20759000000", "costofGoodsAndServicesSold": "None", "operatingIncome": "-8072000000", "sellingGeneralAndAdministrative": "3230000000", "researchAndDevelopment": "None", "operatingExpenses": "3230000000", "investmentIncomeNet": "-178000000", "netInterestIncome": "-371000000", "interestIncome": "None", "interestExpense": "371000000", "nonInterestIncome": "6779000000", "otherNonOperatingIncome": "19000000", "depreciation": "None", "depreciationAndAmortization": "15000000", "incomeBeforeTax": "2767000000", "incomeTaxExpense": "609000000", "interestAndDebtExpense": "None", "netIncomeFromContinuingOperations": "2164000000", "comprehensiveIncomeNetOfTax": "6216000000", "ebit": "-8072000000", "ebitda": "3153000000", "netIncome": "2158000000"}, {"fiscalDateEnding": "2021-03-31", "reportedCurrency": "USD", "grossProfit": "-4696000000", "totalRevenue": "16952000000", "costOfRevenue": "21648000000", "costofGoodsAndServicesSold": "-8110000000", "operatingIncome": "-8011000000", "sellingGeneralAndAdministrative": "3315000000", "researchAndDevelopment": "None", "operatingExpenses": "3315000000", "investmentIncomeNet": "-169000000", "netInterestIncome": "-376000000", "interestIncome": "None", "interestExpense": "376000000", "nonInterestIncome": "7543000000", "otherNonOperatingIncome": "26000000", "depreciation": "None", "depreciationAndAmortization": "30000000", "incomeBeforeTax": "3464000000", "incomeTaxExpense": "636000000", "interestAndDebtExpense": "None", "netIncomeFromContinuingOperations": "2778000000", "comprehensiveIncomeNetOfTax": "-8691000000", "ebit": "-8011000000", "ebitda": "3870000000", "netIncome": "2828000000"}, {"fiscalDateEnding": "2020-12-31", "reportedCurrency": "USD", "grossProfit": "16029000000", "totalRevenue": "16029000000", "costOfRevenue": "24900000000", "costofGoodsAndServicesSold": "None", "operatingIncome": "16029000000", "sellingGeneralAndAdministrative": "3719000000", "researchAndDevelopment": "None", "operatingExpenses": "-1307000000", "investmentIncomeNet": "-165000000", "netInterestIncome": "-386000000", "interestIncome": "None", "interestExpense": "386000000", "nonInterestIncome": "9182000000", "otherNonOperatingIncome": "34000000", "depreciation": "None", "depreciationAndAmortization": "9000000", "incomeBeforeTax": "731000000", "incomeTaxExpense": "-88000000", "interestAndDebtExpense": "None", "netIncomeFromContinuingOperations": "988000000", "comprehensiveIncomeNetOfTax": "1556000000", "ebit": "16029000000", "ebitda": "1126000000", "netIncome": "819000000"}, {"fiscalDateEnding": "2020-09-30", "reportedCurrency": "USD", "grossProfit": "-6865000000", "totalRevenue": "15425000000", "costOfRevenue": "22290000000", "costofGoodsAndServicesSold": "-8312000000", "operatingIncome": "-10188000000", "sellingGeneralAndAdministrative": "3323000000", "researchAndDevelopment": "None", "operatingExpenses": "3323000000", "investmentIncomeNet": "-173000000", "netInterestIncome": "-400000000", "interestIncome": "None", "interestExpense": "400000000", "nonInterestIncome": "7482000000", "otherNonOperatingIncome": "10000000", "depreciation": "None", "depreciationAndAmortization": "65000000", "incomeBeforeTax": "1437000000", "incomeTaxExpense": "-50000000", "interestAndDebtExpense": "None", "netIncomeFromContinuingOperations": "1497000000", "comprehensiveIncomeNetOfTax": "651000000", "ebit": "-10188000000", "ebitda": "1902000000", "netIncome": "1487000000"}, {"fiscalDateEnding": "2020-06-30", "reportedCurrency": "USD", "grossProfit": "-10782000000", "totalRevenue": "12115000000", "costOfRevenue": "22897000000", "costofGoodsAndServicesSold": "-8450000000", "operatingIncome": "-14129000000", "sellingGeneralAndAdministrative": "3347000000", "researchAndDevelopment": "None", "operatingExpenses": "3347000000", "investmentIncomeNet": "-172000000", "netInterestIncome": "-397000000", "interestIncome": "None", "interestExpense": "397000000", "nonInterestIncome": "7693000000", "otherNonOperatingIncome": "42000000", "depreciation": "None", "depreciationAndAmortization": "54000000", "incomeBeforeTax": "-2294000000", "incomeTaxExpense": "115000000", "interestAndDebtExpense": "None", "netIncomeFromContinuingOperations": "-2447000000", "comprehensiveIncomeNetOfTax": "5828000000", "ebit": "-14129000000", "ebitda": "-1843000000", "netIncome": "-2409000000"}, {"fiscalDateEnding": "2020-03-31", "reportedCurrency": "USD", "grossProfit": "-9344000000", "totalRevenue": "13464000000", "costOfRevenue": "22808000000", "costofGoodsAndServicesSold": "-9006000000", "operatingIncome": "-12868000000", "sellingGeneralAndAdministrative": "3524000000", "researchAndDevelopment": "None", "operatingExpenses": "3524000000", "investmentIncomeNet": "-226000000", "netInterestIncome": "-387000000", "interestIncome": "None", "interestExpense": "387000000", "nonInterestIncome": "7664000000", "otherNonOperatingIncome": "10000000", "depreciation": "None", "depreciationAndAmortization": "329000000", "incomeBeforeTax": "-329000000", "incomeTaxExpense": "-58000000", "interestAndDebtExpense": "None", "netIncomeFromContinuingOperations": "-280000000", "comprehensiveIncomeNetOfTax": "-1710000000", "ebit": "-12868000000", "ebitda": "387000000", "netIncome": "-271000000"}, {"fiscalDateEnding": "2019-12-31", "reportedCurrency": "USD", "grossProfit": "19223000000", "totalRevenue": "19223000000", "costOfRevenue": "30125000000", "costofGoodsAndServicesSold": "14051000000", "operatingIncome": "19223000000", "sellingGeneralAndAdministrative": "3828000000", "researchAndDevelopment": "None", "operatingExpenses": "-3788000000", "investmentIncomeNet": "-239000000", "netInterestIncome": "-385000000", "interestIncome": "None", "interestExpense": "385000000", "nonInterestIncome": "11352000000", "otherNonOperatingIncome": "15000000", "depreciation": "None", "depreciationAndAmortization": "108000000", "incomeBeforeTax": "1349000000", "incomeTaxExpense": "221000000", "interestAndDebtExpense": "None", "netIncomeFromContinuingOperations": "1123000000", "comprehensiveIncomeNetOfTax": "-2391000000", "ebit": "19223000000", "ebitda": "None", "netIncome": "1128000000"}, {"fiscalDateEnding": "2019-09-30", "reportedCurrency": "USD", "grossProfit": "-5997000000", "totalRevenue": "15105000000", "costOfRevenue": "21102000000", "costofGoodsAndServicesSold": "10086000000", "operatingIncome": "-9291000000", "sellingGeneralAndAdministrative": "3294000000", "researchAndDevelopment": "None", "operatingExpenses": "3294000000", "investmentIncomeNet": "-247000000", "netInterestIncome": "-377000000", "interestIncome": "None", "interestExpense": "377000000", "nonInterestIncome": "6937000000", "otherNonOperatingIncome": "32000000", "depreciation": "None", "depreciationAndAmortization": "441000000", "incomeBeforeTax": "1750000000", "incomeTaxExpense": "332000000", "interestAndDebtExpense": "None", "netIncomeFromContinuingOperations": "1393000000", "comprehensiveIncomeNetOfTax": "4994000000", "ebit": "-9291000000", "ebitda": "None", "netIncome": "1418000000"}, {"fiscalDateEnding": "2019-06-30", "reportedCurrency": "USD", "grossProfit": "-8001000000", "totalRevenue": "15388000000", "costOfRevenue": "23389000000", "costofGoodsAndServicesSold": "11374000000", "operatingIncome": "-11139000000", "sellingGeneralAndAdministrative": "3138000000", "researchAndDevelopment": "None", "operatingExpenses": "3138000000", "investmentIncomeNet": "-254000000", "netInterestIncome": "-392000000", "interestIncome": "None", "interestExpense": "392000000", "nonInterestIncome": "8135000000", "otherNonOperatingIncome": "24000000", "depreciation": "None", "depreciationAndAmortization": "-109000000", "incomeBeforeTax": "870000000", "incomeTaxExpense": "162000000", "interestAndDebtExpense": "None", "netIncomeFromContinuingOperations": "714000000", "comprehensiveIncomeNetOfTax": "7472000000", "ebit": "-11139000000", "ebitda": "None", "netIncome": "708000000"}, {"fiscalDateEnding": "2019-03-31", "reportedCurrency": "USD", "grossProfit": "-7298000000", "totalRevenue": "15091000000", "costOfRevenue": "22389000000", "costofGoodsAndServicesSold": "10795000000", "operatingIncome": "-10454000000", "sellingGeneralAndAdministrative": "3156000000", "researchAndDevelopment": "None", "operatingExpenses": "3156000000", "investmentIncomeNet": "-252000000", "netInterestIncome": "-386000000", "interestIncome": "None", "interestExpense": "386000000", "nonInterestIncome": "7900000000", "otherNonOperatingIncome": "29000000", "depreciation": "None", "depreciationAndAmortization": "20000000", "incomeBeforeTax": "1164000000", "incomeTaxExpense": "232000000", "interestAndDebtExpense": "None", "netIncomeFromContinuingOperations": "908000000", "comprehensiveIncomeNetOfTax": "7237000000", "ebit": "-10454000000", "ebitda": "None", "netIncome": "932000000"}, {"fiscalDateEnding": "2018-12-31", "reportedCurrency": "USD", "grossProfit": "18432000000", "totalRevenue": "18432000000", "costOfRevenue": "30788000000", "costofGoodsAndServicesSold": "14159000000", "operatingIncome": "18432000000", "sellingGeneralAndAdministrative": "3220000000", "researchAndDevelopment": "None", "operatingExpenses": "-5507000000", "investmentIncomeNet": "-248000000", "netInterestIncome": "None", "interestIncome": "None", "interestExpense": "372000000", "nonInterestIncome": "9274000000", "otherNonOperatingIncome": "14000000", "depreciation": "None", "depreciationAndAmortization": "116000000", "incomeBeforeTax": "1060000000", "incomeTaxExpense": "218000000", "interestAndDebtExpense": "None", "netIncomeFromContinuingOperations": "835000000", "comprehensiveIncomeNetOfTax": "2598000000", "ebit": "18432000000", "ebitda": "None", "netIncome": "842000000"}, {"fiscalDateEnding": "2018-09-30", "reportedCurrency": "USD", "grossProfit": "-7473000000", "totalRevenue": "16148000000", "costOfRevenue": "23621000000", "costofGoodsAndServicesSold": "11350000000", "operatingIncome": "-10433000000", "sellingGeneralAndAdministrative": "2960000000", "researchAndDevelopment": "None", "operatingExpenses": "2960000000", "investmentIncomeNet": "-229000000", "netInterestIncome": "None", "interestIncome": "None", "interestExpense": "355000000", "nonInterestIncome": "9847000000", "otherNonOperatingIncome": "21000000", "depreciation": "None", "depreciationAndAmortization": "-3000000", "incomeBeforeTax": "1856000000", "incomeTaxExpense": "184000000", "interestAndDebtExpense": "None", "netIncomeFromContinuingOperations": "1654000000", "comprehensiveIncomeNetOfTax": "-833000000", "ebit": "-10433000000", "ebitda": "None", "netIncome": "1672000000"}, {"fiscalDateEnding": "2018-06-30", "reportedCurrency": "USD", "grossProfit": "-9262000000", "totalRevenue": "14655000000", "costOfRevenue": "23917000000", "costofGoodsAndServicesSold": "11559000000", "operatingIncome": "-12108000000", "sellingGeneralAndAdministrative": "2846000000", "researchAndDevelopment": "None", "operatingExpenses": "2846000000", "investmentIncomeNet": "-227000000", "netInterestIncome": "None", "interestIncome": "None", "interestExpense": "347000000", "nonInterestIncome": "8448000000", "otherNonOperatingIncome": "18000000", "depreciation": "None", "depreciationAndAmortization": "70000000", "incomeBeforeTax": "265000000", "incomeTaxExpense": "68000000", "interestAndDebtExpense": "None", "netIncomeFromContinuingOperations": "182000000", "comprehensiveIncomeNetOfTax": "-2909000000", "ebit": "-12108000000", "ebitda": "None", "netIncome": "197000000"}, {"fiscalDateEnding": "2018-03-31", "reportedCurrency": "USD", "grossProfit": "-5982000000", "totalRevenue": "13757000000", "costOfRevenue": "19739000000", "costofGoodsAndServicesSold": "9141000000", "operatingIncome": "-8905000000", "sellingGeneralAndAdministrative": "2923000000", "researchAndDevelopment": "None", "operatingExpenses": "2923000000", "investmentIncomeNet": "-202000000", "netInterestIncome": "None", "interestIncome": "None", "interestExpense": "340000000", "nonInterestIncome": "7871000000", "otherNonOperatingIncome": "23000000", "depreciation": "None", "depreciationAndAmortization": "-22000000", "incomeBeforeTax": "1715000000", "incomeTaxExpense": "352000000", "interestAndDebtExpense": "None", "netIncomeFromContinuingOperations": "1341000000", "comprehensiveIncomeNetOfTax": "-1756000000", "ebit": "-8905000000", "ebitda": "None", "netIncome": "1363000000"}, {"fiscalDateEnding": "2017-12-31", "reportedCurrency": "USD", "grossProfit": "16265000000", "totalRevenue": "16265000000", "costOfRevenue": "26035000000", "costofGoodsAndServicesSold": "12047000000", "operatingIncome": "16265000000", "sellingGeneralAndAdministrative": "3102000000", "researchAndDevelopment": "None", "operatingExpenses": "3324000000", "investmentIncomeNet": "-194000000", "netInterestIncome": "None", "interestIncome": "None", "interestExpense": "344000000", "nonInterestIncome": "10371000000", "otherNonOperatingIncome": "-9000000", "depreciation": "None", "depreciationAndAmortization": "-49000000", "incomeBeforeTax": "1007000000", "incomeTaxExpense": "-2758000000", "interestAndDebtExpense": "None", "netIncomeFromContinuingOperations": "3874000000", "comprehensiveIncomeNetOfTax": "4241000000", "ebit": "16265000000", "ebitda": "None", "netIncome": "3765000000"}, {"fiscalDateEnding": "2017-09-30", "reportedCurrency": "USD", "grossProfit": "-5172000000", "totalRevenue": "16313000000", "costOfRevenue": "21485000000", "costofGoodsAndServicesSold": "10371000000", "operatingIncome": "-8093000000", "sellingGeneralAndAdministrative": "2921000000", "researchAndDevelopment": "None", "operatingExpenses": "2921000000", "investmentIncomeNet": "-200000000", "netInterestIncome": "None", "interestIncome": "None", "interestExpense": "330000000", "nonInterestIncome": "10302000000", "otherNonOperatingIncome": "20000000", "depreciation": "None", "depreciationAndAmortization": "164000000", "incomeBeforeTax": "3038000000", "incomeTaxExpense": "800000000", "interestAndDebtExpense": "None", "netIncomeFromContinuingOperations": "2221000000", "comprehensiveIncomeNetOfTax": "2474000000", "ebit": "-8093000000", "ebitda": "None", "netIncome": "2238000000"}, {"fiscalDateEnding": "2017-06-30", "reportedCurrency": "USD", "grossProfit": "-7720000000", "totalRevenue": "13441000000", "costOfRevenue": "21161000000", "costofGoodsAndServicesSold": "9850000000", "operatingIncome": "-10703000000", "sellingGeneralAndAdministrative": "2983000000", "researchAndDevelopment": "None", "operatingExpenses": "2983000000", "investmentIncomeNet": "-189000000", "netInterestIncome": "None", "interestIncome": "None", "interestExpense": "326000000", "nonInterestIncome": "10024000000", "otherNonOperatingIncome": "13000000", "depreciation": "None", "depreciationAndAmortization": "157000000", "incomeBeforeTax": "616000000", "incomeTaxExpense": "125000000", "interestAndDebtExpense": "None", "netIncomeFromContinuingOperations": "483000000", "comprehensiveIncomeNetOfTax": "2210000000", "ebit": "-10703000000", "ebitda": "None", "netIncome": "491000000"}, {"fiscalDateEnding": "2017-03-31", "reportedCurrency": "USD", "grossProfit": "-5283000000", "totalRevenue": "13670000000", "costOfRevenue": "18953000000", "costofGoodsAndServicesSold": "9019000000", "operatingIncome": "-8192000000", "sellingGeneralAndAdministrative": "2909000000", "researchAndDevelopment": "None", "operatingExpenses": "2909000000", "investmentIncomeNet": "-180000000", "netInterestIncome": "None", "interestIncome": "None", "interestExpense": "322000000", "nonInterestIncome": "8965000000", "otherNonOperatingIncome": "25000000", "depreciation": "None", "depreciationAndAmortization": "-50000000", "incomeBeforeTax": "1764000000", "incomeTaxExpense": "395000000", "interestAndDebtExpense": "None", "netIncomeFromContinuingOperations": "1347000000", "comprehensiveIncomeNetOfTax": "1391000000", "ebit": "-8192000000", "ebitda": "None", "netIncome": "1369000000"}, {"fiscalDateEnding": "2016-12-31", "reportedCurrency": "USD", "grossProfit": "13050000000", "totalRevenue": "13050000000", "costOfRevenue": "21688000000", "costofGoodsAndServicesSold": "9775000000", "operatingIncome": "13050000000", "sellingGeneralAndAdministrative": "2958000000", "researchAndDevelopment": "None", "operatingExpenses": "2874000000", "investmentIncomeNet": "16054000000", "netInterestIncome": "None", "interestIncome": "None", "interestExpense": "322000000", "nonInterestIncome": "10560000000", "otherNonOperatingIncome": "49000000", "depreciation": "None", "depreciationAndAmortization": "-84000000", "incomeBeforeTax": "319000000", "incomeTaxExpense": "35000000", "interestAndDebtExpense": "None", "netIncomeFromContinuingOperations": "282000000", "comprehensiveIncomeNetOfTax": "-10020000000", "ebit": "13050000000", "ebitda": "12966000000", "netIncome": "284000000"}]}