{"symbol": "PXD", "annualReports": [{"fiscalDateEnding": "2020-12-31", "reportedCurrency": "USD", "grossProfit": "6070000000", "totalRevenue": "6685000000", "costOfRevenue": "615000000", "costofGoodsAndServicesSold": "242000000", "operatingIncome": "5685000000", "sellingGeneralAndAdministrative": "244000000", "researchAndDevelopment": "None", "operatingExpenses": "385000000", "investmentIncomeNet": "None", "netInterestIncome": "-129000000", "interestIncome": "-435000000", "interestExpense": "129000000", "nonInterestIncome": "6725000000", "otherNonOperatingIncome": "-321000000", "depreciation": "None", "depreciationAndAmortization": "28000000", "incomeBeforeTax": "-261000000", "incomeTaxExpense": "-61000000", "interestAndDebtExpense": "156000000", "netIncomeFromContinuingOperations": "-200000000", "comprehensiveIncomeNetOfTax": "-200000000", "ebit": "-132000000", "ebitda": "-104000000", "netIncome": "-200000000"}, {"fiscalDateEnding": "2019-12-31", "reportedCurrency": "USD", "grossProfit": "8467000000", "totalRevenue": "9325000000", "costOfRevenue": "837000000", "costofGoodsAndServicesSold": "299000000", "operatingIncome": "7956000000", "sellingGeneralAndAdministrative": "324000000", "researchAndDevelopment": "None", "operatingExpenses": "511000000", "investmentIncomeNet": "None", "netInterestIncome": "-121000000", "interestIncome": "73000000", "interestExpense": "121000000", "nonInterestIncome": "9228000000", "otherNonOperatingIncome": "-448000000", "depreciation": "None", "depreciationAndAmortization": "7000000", "incomeBeforeTax": "1008000000", "incomeTaxExpense": "235000000", "interestAndDebtExpense": "121000000", "netIncomeFromContinuingOperations": "756000000", "comprehensiveIncomeNetOfTax": "756000000", "ebit": "1129000000", "ebitda": "1136000000", "netIncome": "773000000"}, {"fiscalDateEnding": "2018-12-31", "reportedCurrency": "USD", "grossProfit": "8545000000", "totalRevenue": "9415000000", "costOfRevenue": "870000000", "costofGoodsAndServicesSold": "284000000", "operatingIncome": "7908000000", "sellingGeneralAndAdministrative": "381000000", "researchAndDevelopment": "None", "operatingExpenses": "347000000", "investmentIncomeNet": "None", "netInterestIncome": "-126000000", "interestIncome": "29000000", "interestExpense": "126000000", "nonInterestIncome": "9377000000", "otherNonOperatingIncome": "-849000000", "depreciation": "None", "depreciationAndAmortization": "443000000", "incomeBeforeTax": "1254000000", "incomeTaxExpense": "276000000", "interestAndDebtExpense": "126000000", "netIncomeFromContinuingOperations": "975000000", "comprehensiveIncomeNetOfTax": "978000000", "ebit": "1380000000", "ebitda": "1825000000", "netIncome": "978000000"}, {"fiscalDateEnding": "2017-12-31", "reportedCurrency": "USD", "grossProfit": "2682000000", "totalRevenue": "5455000000", "costOfRevenue": "2773000000", "costofGoodsAndServicesSold": "2426000000", "operatingIncome": "2277000000", "sellingGeneralAndAdministrative": "326000000", "researchAndDevelopment": "None", "operatingExpenses": "197000000", "investmentIncomeNet": "None", "netInterestIncome": "-153000000", "interestIncome": "32000000", "interestExpense": "153000000", "nonInterestIncome": "108000000", "otherNonOperatingIncome": "-191000000", "depreciation": "None", "depreciationAndAmortization": "None", "incomeBeforeTax": "309000000", "incomeTaxExpense": "-524000000", "interestAndDebtExpense": "153000000", "netIncomeFromContinuingOperations": "833000000", "comprehensiveIncomeNetOfTax": "833000000", "ebit": "462000000", "ebitda": "467000000", "netIncome": "833000000"}, {"fiscalDateEnding": "2016-12-31", "reportedCurrency": "USD", "grossProfit": "1263000000", "totalRevenue": "3382000000", "costOfRevenue": "2561000000", "costofGoodsAndServicesSold": "2210000000", "operatingIncome": "863000000", "sellingGeneralAndAdministrative": "325000000", "researchAndDevelopment": "None", "operatingExpenses": "398000000", "investmentIncomeNet": "None", "netInterestIncome": "-207000000", "interestIncome": "22000000", "interestExpense": "207000000", "nonInterestIncome": "-159000000", "otherNonOperatingIncome": "-256000000", "depreciation": "None", "depreciationAndAmortization": "None", "incomeBeforeTax": "-959000000", "incomeTaxExpense": "-403000000", "interestAndDebtExpense": "207000000", "netIncomeFromContinuingOperations": "-556000000", "comprehensiveIncomeNetOfTax": "-556000000", "ebit": "-752000000", "ebitda": "-758000000", "netIncome": "-556000000"}], "quarterlyReports": [{"fiscalDateEnding": "2021-09-30", "reportedCurrency": "USD", "grossProfit": "4379000000", "totalRevenue": "4463000000", "costOfRevenue": "84000000", "costofGoodsAndServicesSold": "2968000000", "operatingIncome": "4286000000", "sellingGeneralAndAdministrative": "72000000", "researchAndDevelopment": "None", "operatingExpenses": "92000000", "investmentIncomeNet": "None", "netInterestIncome": "-41000000", "interestIncome": "2000000", "interestExpense": "41000000", "nonInterestIncome": "4461000000", "otherNonOperatingIncome": "-34000000", "depreciation": "None", "depreciationAndAmortization": "704000000", "incomeBeforeTax": "1336000000", "incomeTaxExpense": "291000000", "interestAndDebtExpense": "41000000", "netIncomeFromContinuingOperations": "1045000000", "comprehensiveIncomeNetOfTax": "1045000000", "ebit": "1377000000", "ebitda": "2081000000", "netIncome": "1045000000"}, {"fiscalDateEnding": "2021-06-30", "reportedCurrency": "USD", "grossProfit": "3016000000", "totalRevenue": "3419000000", "costOfRevenue": "403000000", "costofGoodsAndServicesSold": "316000000", "operatingIncome": "2925000000", "sellingGeneralAndAdministrative": "75000000", "researchAndDevelopment": "None", "operatingExpenses": "89000000", "investmentIncomeNet": "None", "netInterestIncome": "-41000000", "interestIncome": "-893000000", "interestExpense": "41000000", "nonInterestIncome": "3442000000", "otherNonOperatingIncome": "-47000000", "depreciation": "None", "depreciationAndAmortization": "647000000", "incomeBeforeTax": "500000000", "incomeTaxExpense": "120000000", "interestAndDebtExpense": "38000000", "netIncomeFromContinuingOperations": "380000000", "comprehensiveIncomeNetOfTax": "380000000", "ebit": "541000000", "ebitda": "1188000000", "netIncome": "380000000"}, {"fiscalDateEnding": "2021-03-31", "reportedCurrency": "USD", "grossProfit": "2243000000", "totalRevenue": "2444000000", "costOfRevenue": "201000000", "costofGoodsAndServicesSold": "252000000", "operatingIncome": "2148000000", "sellingGeneralAndAdministrative": "68000000", "researchAndDevelopment": "None", "operatingExpenses": "84000000", "investmentIncomeNet": "None", "netInterestIncome": "-39000000", "interestIncome": "60000000", "interestExpense": "39000000", "nonInterestIncome": "2379000000", "otherNonOperatingIncome": "-304000000", "depreciation": "None", "depreciationAndAmortization": "474000000", "incomeBeforeTax": "-81000000", "incomeTaxExpense": "-11000000", "interestAndDebtExpense": "44000000", "netIncomeFromContinuingOperations": "-70000000", "comprehensiveIncomeNetOfTax": "-70000000", "ebit": "-42000000", "ebitda": "432000000", "netIncome": "-70000000"}, {"fiscalDateEnding": "2020-12-31", "reportedCurrency": "USD", "grossProfit": "1585000000", "totalRevenue": "1755000000", "costOfRevenue": "170000000", "costofGoodsAndServicesSold": "60000000", "operatingIncome": "1477000000", "sellingGeneralAndAdministrative": "64000000", "researchAndDevelopment": "None", "operatingExpenses": "115000000", "investmentIncomeNet": "None", "netInterestIncome": "-35000000", "interestIncome": "78000000", "interestExpense": "35000000", "nonInterestIncome": "1677000000", "otherNonOperatingIncome": "-48000000", "depreciation": "None", "depreciationAndAmortization": "396000000", "incomeBeforeTax": "-73000000", "incomeTaxExpense": "-43000000", "interestAndDebtExpense": "35000000", "netIncomeFromContinuingOperations": "-30000000", "comprehensiveIncomeNetOfTax": "-30000000", "ebit": "-38000000", "ebitda": "372000000", "netIncome": "-30000000"}, {"fiscalDateEnding": "2020-09-30", "reportedCurrency": "USD", "grossProfit": "1612000000", "totalRevenue": "1731000000", "costOfRevenue": "203000000", "costofGoodsAndServicesSold": "63000000", "operatingIncome": "1468000000", "sellingGeneralAndAdministrative": "64000000", "researchAndDevelopment": "None", "operatingExpenses": "142000000", "investmentIncomeNet": "None", "netInterestIncome": "-34000000", "interestIncome": "-109000000", "interestExpense": "34000000", "nonInterestIncome": "1802000000", "otherNonOperatingIncome": "-98000000", "depreciation": "None", "depreciationAndAmortization": "1243000", "incomeBeforeTax": "-16000000", "incomeTaxExpense": "-15000000", "interestAndDebtExpense": "34000000", "netIncomeFromContinuingOperations": "-20000000", "comprehensiveIncomeNetOfTax": "-20000000", "ebit": "18000000", "ebitda": "18000000", "netIncome": "-85000000"}, {"fiscalDateEnding": "2020-06-30", "reportedCurrency": "USD", "grossProfit": "749000000", "totalRevenue": "839000000", "costOfRevenue": "110000000", "costofGoodsAndServicesSold": "167000000", "operatingIncome": "680000000", "sellingGeneralAndAdministrative": "60000000", "researchAndDevelopment": "None", "operatingExpenses": "63000000", "investmentIncomeNet": "None", "netInterestIncome": "-33000000", "interestIncome": "-325000000", "interestExpense": "33000000", "nonInterestIncome": "784000000", "otherNonOperatingIncome": "-90000000", "depreciation": "None", "depreciationAndAmortization": "None", "incomeBeforeTax": "-538000000", "incomeTaxExpense": "-109000000", "interestAndDebtExpense": "60000000", "netIncomeFromContinuingOperations": "-439000000", "comprehensiveIncomeNetOfTax": "-439000000", "ebit": "-505000000", "ebitda": "-505000000", "netIncome": "-449000000"}, {"fiscalDateEnding": "2020-03-31", "reportedCurrency": "USD", "grossProfit": "2124000000", "totalRevenue": "2260000000", "costOfRevenue": "133000000", "costofGoodsAndServicesSold": "176000000", "operatingIncome": "2061000000", "sellingGeneralAndAdministrative": "56000000", "researchAndDevelopment": "None", "operatingExpenses": "63000000", "investmentIncomeNet": "None", "netInterestIncome": "-27000000", "interestIncome": "2000000", "interestExpense": "27000000", "nonInterestIncome": "2463000000", "otherNonOperatingIncome": "-85000000", "depreciation": "None", "depreciationAndAmortization": "None", "incomeBeforeTax": "368000000", "incomeTaxExpense": "77000000", "interestAndDebtExpense": "27000000", "netIncomeFromContinuingOperations": "441000000", "comprehensiveIncomeNetOfTax": "289000000", "ebit": "395000000", "ebitda": "392000000", "netIncome": "291000000"}, {"fiscalDateEnding": "2019-12-31", "reportedCurrency": "USD", "grossProfit": "2475000000", "totalRevenue": "2664000000", "costOfRevenue": "168000000", "costofGoodsAndServicesSold": "76000000", "operatingIncome": "2437000000", "sellingGeneralAndAdministrative": "78000000", "researchAndDevelopment": "None", "operatingExpenses": "-439000000", "investmentIncomeNet": "None", "netInterestIncome": "-33000000", "interestIncome": "118000000", "interestExpense": "33000000", "nonInterestIncome": "2525000000", "otherNonOperatingIncome": "-58000000", "depreciation": "None", "depreciationAndAmortization": "None", "incomeBeforeTax": "469000000", "incomeTaxExpense": "108000000", "interestAndDebtExpense": "33000000", "netIncomeFromContinuingOperations": "344000000", "comprehensiveIncomeNetOfTax": "344000000", "ebit": "502000000", "ebitda": "435000000", "netIncome": "361000000"}, {"fiscalDateEnding": "2019-09-30", "reportedCurrency": "USD", "grossProfit": "2160000000", "totalRevenue": "2325000000", "costOfRevenue": "165000000", "costofGoodsAndServicesSold": "86000000", "operatingIncome": "2073000000", "sellingGeneralAndAdministrative": "72000000", "researchAndDevelopment": "None", "operatingExpenses": "67000000", "investmentIncomeNet": "None", "netInterestIncome": "-29000000", "interestIncome": "-98000000", "interestExpense": "29000000", "nonInterestIncome": "2547000000", "otherNonOperatingIncome": "-32000000", "depreciation": "None", "depreciationAndAmortization": "None", "incomeBeforeTax": "303000000", "incomeTaxExpense": "72000000", "interestAndDebtExpense": "29000000", "netIncomeFromContinuingOperations": "231000000", "comprehensiveIncomeNetOfTax": "231000000", "ebit": "332000000", "ebitda": "554000000", "netIncome": "231000000"}, {"fiscalDateEnding": "2019-06-30", "reportedCurrency": "USD", "grossProfit": "1624000000", "totalRevenue": "1923000000", "costOfRevenue": "299000000", "costofGoodsAndServicesSold": "69000000", "operatingIncome": "1386000000", "sellingGeneralAndAdministrative": "80000000", "researchAndDevelopment": "None", "operatingExpenses": "726000000", "investmentIncomeNet": "None", "netInterestIncome": "-29000000", "interestIncome": "5000000", "interestExpense": "29000000", "nonInterestIncome": "1934000000", "otherNonOperatingIncome": "-211000000", "depreciation": "None", "depreciationAndAmortization": "None", "incomeBeforeTax": "-216000000", "incomeTaxExpense": "-47000000", "interestAndDebtExpense": "29000000", "netIncomeFromContinuingOperations": "-169000000", "comprehensiveIncomeNetOfTax": "-169000000", "ebit": "-187000000", "ebitda": "-187000000", "netIncome": "-169000000"}, {"fiscalDateEnding": "2019-03-31", "reportedCurrency": "USD", "grossProfit": "2175000000", "totalRevenue": "2413000000", "costOfRevenue": "238000000", "costofGoodsAndServicesSold": "68000000", "operatingIncome": "2024000000", "sellingGeneralAndAdministrative": "94000000", "researchAndDevelopment": "None", "operatingExpenses": "160000000", "investmentIncomeNet": "None", "netInterestIncome": "-29000000", "interestIncome": "140000000", "interestExpense": "29000000", "nonInterestIncome": "2222000000", "otherNonOperatingIncome": "-147000000", "depreciation": "None", "depreciationAndAmortization": "23000000", "incomeBeforeTax": "247000000", "incomeTaxExpense": "-103000000", "interestAndDebtExpense": "29000000", "netIncomeFromContinuingOperations": "350000000", "comprehensiveIncomeNetOfTax": "350000000", "ebit": "276000000", "ebitda": "505000000", "netIncome": "350000000"}, {"fiscalDateEnding": "2018-12-31", "reportedCurrency": "USD", "grossProfit": "2566000000", "totalRevenue": "2675000000", "costOfRevenue": "109000000", "costofGoodsAndServicesSold": "55000000", "operatingIncome": "2422000000", "sellingGeneralAndAdministrative": "99000000", "researchAndDevelopment": "None", "operatingExpenses": "80000000", "investmentIncomeNet": "None", "netInterestIncome": "-29000000", "interestIncome": "None", "interestExpense": "29000000", "nonInterestIncome": "2677000000", "otherNonOperatingIncome": "-533000000", "depreciation": "None", "depreciationAndAmortization": "None", "incomeBeforeTax": "411000000", "incomeTaxExpense": "88000000", "interestAndDebtExpense": "29000000", "netIncomeFromContinuingOperations": "323000000", "comprehensiveIncomeNetOfTax": "323000000", "ebit": "440000000", "ebitda": "442000000", "netIncome": "323000000"}, {"fiscalDateEnding": "2018-09-30", "reportedCurrency": "USD", "grossProfit": "2247000000", "totalRevenue": "2476000000", "costOfRevenue": "229000000", "costofGoodsAndServicesSold": "83000000", "operatingIncome": "2113000000", "sellingGeneralAndAdministrative": "96000000", "researchAndDevelopment": "None", "operatingExpenses": "-9000000", "investmentIncomeNet": "None", "netInterestIncome": "-30000000", "interestIncome": "None", "interestExpense": "30000000", "nonInterestIncome": "2466000000", "otherNonOperatingIncome": "-182000000", "depreciation": "None", "depreciationAndAmortization": "None", "incomeBeforeTax": "529000000", "incomeTaxExpense": "118000000", "interestAndDebtExpense": "30000000", "netIncomeFromContinuingOperations": "411000000", "comprehensiveIncomeNetOfTax": "411000000", "ebit": "559000000", "ebitda": "559000000", "netIncome": "411000000"}, {"fiscalDateEnding": "2018-06-30", "reportedCurrency": "USD", "grossProfit": "638000000", "totalRevenue": "2111000000", "costOfRevenue": "1473000000", "costofGoodsAndServicesSold": "1269000000", "operatingIncome": "421000000", "sellingGeneralAndAdministrative": "95000000", "researchAndDevelopment": "None", "operatingExpenses": "138000000", "investmentIncomeNet": "None", "netInterestIncome": "-32000000", "interestIncome": "None", "interestExpense": "32000000", "nonInterestIncome": "2102000000", "otherNonOperatingIncome": "-67000000", "depreciation": "None", "depreciationAndAmortization": "None", "incomeBeforeTax": "85000000", "incomeTaxExpense": "19000000", "interestAndDebtExpense": "32000000", "netIncomeFromContinuingOperations": "63000000", "comprehensiveIncomeNetOfTax": "66000000", "ebit": "117000000", "ebitda": "117000000", "netIncome": "66000000"}, {"fiscalDateEnding": "2018-03-31", "reportedCurrency": "USD", "grossProfit": "754000000", "totalRevenue": "2150000000", "costOfRevenue": "1396000000", "costofGoodsAndServicesSold": "1267000000", "operatingIncome": "608000000", "sellingGeneralAndAdministrative": "90000000", "researchAndDevelopment": "None", "operatingExpenses": "142000000", "investmentIncomeNet": "None", "netInterestIncome": "-36000000", "interestIncome": "None", "interestExpense": "36000000", "nonInterestIncome": "2132000000", "otherNonOperatingIncome": "-39000000", "depreciation": "None", "depreciationAndAmortization": "None", "incomeBeforeTax": "228000000", "incomeTaxExpense": "50000000", "interestAndDebtExpense": "36000000", "netIncomeFromContinuingOperations": "178000000", "comprehensiveIncomeNetOfTax": "178000000", "ebit": "264000000", "ebitda": "264000000", "netIncome": "178000000"}, {"fiscalDateEnding": "2017-12-31", "reportedCurrency": "USD", "grossProfit": "956000000", "totalRevenue": "1526000000", "costOfRevenue": "-58000000", "costofGoodsAndServicesSold": "217000000", "operatingIncome": "1211000000", "sellingGeneralAndAdministrative": "81000000", "researchAndDevelopment": "None", "operatingExpenses": "-258000000", "investmentIncomeNet": "None", "netInterestIncome": "-35000000", "interestIncome": "None", "interestExpense": "35000000", "nonInterestIncome": "-250000000", "otherNonOperatingIncome": "-59000000", "depreciation": "None", "depreciationAndAmortization": "None", "incomeBeforeTax": "62000000", "incomeTaxExpense": "-603000000", "interestAndDebtExpense": "35000000", "netIncomeFromContinuingOperations": "665000000", "comprehensiveIncomeNetOfTax": "665000000", "ebit": "97000000", "ebitda": "102000000", "netIncome": "665000000"}, {"fiscalDateEnding": "2017-09-30", "reportedCurrency": "USD", "grossProfit": "469000000", "totalRevenue": "1167000000", "costOfRevenue": "991000000", "costofGoodsAndServicesSold": "887000000", "operatingIncome": "352000000", "sellingGeneralAndAdministrative": "81000000", "researchAndDevelopment": "None", "operatingExpenses": "117000000", "investmentIncomeNet": "None", "netInterestIncome": "-37000000", "interestIncome": "None", "interestExpense": "37000000", "nonInterestIncome": "-133000000", "otherNonOperatingIncome": "-41000000", "depreciation": "None", "depreciationAndAmortization": "None", "incomeBeforeTax": "-34000000", "incomeTaxExpense": "-11000000", "interestAndDebtExpense": "37000000", "netIncomeFromContinuingOperations": "-23000000", "comprehensiveIncomeNetOfTax": "-23000000", "ebit": "3000000", "ebitda": "3000000", "netIncome": "-23000000"}, {"fiscalDateEnding": "2017-06-30", "reportedCurrency": "USD", "grossProfit": "840000000", "totalRevenue": "1462000000", "costOfRevenue": "790000000", "costofGoodsAndServicesSold": "678000000", "operatingIncome": "717000000", "sellingGeneralAndAdministrative": "81000000", "researchAndDevelopment": "None", "operatingExpenses": "-71000000", "investmentIncomeNet": "None", "netInterestIncome": "-35000000", "interestIncome": "None", "interestExpense": "35000000", "nonInterestIncome": "329000000", "otherNonOperatingIncome": "-43000000", "depreciation": "None", "depreciationAndAmortization": "None", "incomeBeforeTax": "354000000", "incomeTaxExpense": "121000000", "interestAndDebtExpense": "35000000", "netIncomeFromContinuingOperations": "233000000", "comprehensiveIncomeNetOfTax": "233000000", "ebit": "389000000", "ebitda": "389000000", "netIncome": "233000000"}, {"fiscalDateEnding": "2017-03-31", "reportedCurrency": "USD", "grossProfit": "417000000", "totalRevenue": "1300000000", "costOfRevenue": "1051000000", "costofGoodsAndServicesSold": "644000000", "operatingIncome": "-5000000", "sellingGeneralAndAdministrative": "84000000", "researchAndDevelopment": "None", "operatingExpenses": "411000000", "investmentIncomeNet": "None", "netInterestIncome": "-46000000", "interestIncome": "None", "interestExpense": "46000000", "nonInterestIncome": "162000000", "otherNonOperatingIncome": "-47000000", "depreciation": "None", "depreciationAndAmortization": "None", "incomeBeforeTax": "-73000000", "incomeTaxExpense": "-31000000", "interestAndDebtExpense": "46000000", "netIncomeFromContinuingOperations": "-42000000", "comprehensiveIncomeNetOfTax": "-42000000", "ebit": "-27000000", "ebitda": "-27000000", "netIncome": "-42000000"}, {"fiscalDateEnding": "2016-12-31", "reportedCurrency": "USD", "grossProfit": "412000000", "totalRevenue": "725000000", "costOfRevenue": "755000000", "costofGoodsAndServicesSold": "659000000", "operatingIncome": "300000000", "sellingGeneralAndAdministrative": "90000000", "researchAndDevelopment": "None", "operatingExpenses": "114000000", "investmentIncomeNet": "None", "netInterestIncome": "-46000000", "interestIncome": "None", "interestExpense": "46000000", "nonInterestIncome": "-68000000", "otherNonOperatingIncome": "-54000000", "depreciation": "None", "depreciationAndAmortization": "None", "incomeBeforeTax": "-84000000", "incomeTaxExpense": "-41000000", "interestAndDebtExpense": "46000000", "netIncomeFromContinuingOperations": "-43000000", "comprehensiveIncomeNetOfTax": "-43000000", "ebit": "-38000000", "ebitda": "-44000000", "netIncome": "-43000000"}]}