{"symbol": "RHI", "annualReports": [{"fiscalDateEnding": "2020-12-31", "reportedCurrency": "USD", "grossProfit": "2012611000", "totalRevenue": "5110343000", "costOfRevenue": "4838837000", "costofGoodsAndServicesSold": "3096389000", "operatingIncome": "421758000", "sellingGeneralAndAdministrative": "1666041000", "researchAndDevelopment": "None", "operatingExpenses": "1671460000", "investmentIncomeNet": "None", "netInterestIncome": "1343000", "interestIncome": "1343000", "interestExpense": "-1343000", "nonInterestIncome": "5109000000", "otherNonOperatingIncome": "None", "depreciation": "62281000", "depreciationAndAmortization": "1219000", "incomeBeforeTax": "421882000", "incomeTaxExpense": "115606000", "interestAndDebtExpense": "None", "netIncomeFromContinuingOperations": "306276000", "comprehensiveIncomeNetOfTax": "321530000", "ebit": "421758000", "ebitda": "422977000", "netIncome": "306276000"}, {"fiscalDateEnding": "2019-12-31", "reportedCurrency": "USD", "grossProfit": "2525129000", "totalRevenue": "6079557000", "costOfRevenue": "5454042000", "costofGoodsAndServicesSold": "3549303000", "operatingIncome": "621751000", "sellingGeneralAndAdministrative": "1958295000", "researchAndDevelopment": "None", "operatingExpenses": "1919997000", "investmentIncomeNet": "None", "netInterestIncome": "5125000", "interestIncome": "5125000", "interestExpense": "-5125000", "nonInterestIncome": "6074432000", "otherNonOperatingIncome": "None", "depreciation": "64264000", "depreciationAndAmortization": "1361000", "incomeBeforeTax": "625515000", "incomeTaxExpense": "171082000", "interestAndDebtExpense": "None", "netIncomeFromContinuingOperations": "454433000", "comprehensiveIncomeNetOfTax": "450556000", "ebit": "621751000", "ebitda": "623112000", "netIncome": "454433000"}, {"fiscalDateEnding": "2018-12-31", "reportedCurrency": "USD", "grossProfit": "2411012000", "totalRevenue": "5804653000", "costOfRevenue": "5213051000", "costofGoodsAndServicesSold": "3389259000", "operatingIncome": "588925000", "sellingGeneralAndAdministrative": "1810601000", "researchAndDevelopment": "None", "operatingExpenses": "1834708000", "investmentIncomeNet": "None", "netInterestIncome": "4382000", "interestIncome": "4382000", "interestExpense": "-4382000", "nonInterestIncome": "5800271000", "otherNonOperatingIncome": "None", "depreciation": "64244000", "depreciationAndAmortization": "1705000", "incomeBeforeTax": "591602000", "incomeTaxExpense": "157314000", "interestAndDebtExpense": "None", "netIncomeFromContinuingOperations": "434288000", "comprehensiveIncomeNetOfTax": "414672000", "ebit": "588925000", "ebitda": "590630000", "netIncome": "434288000"}, {"fiscalDateEnding": "2017-12-31", "reportedCurrency": "USD", "grossProfit": "2163812000", "totalRevenue": "5268588000", "costOfRevenue": "4751072000", "costofGoodsAndServicesSold": "3102977000", "operatingIncome": "517280000", "sellingGeneralAndAdministrative": "1646532000", "researchAndDevelopment": "None", "operatingExpenses": "1656117000", "investmentIncomeNet": "None", "netInterestIncome": "1799000", "interestIncome": "1799000", "interestExpense": "-1799000", "nonInterestIncome": "5266789000", "otherNonOperatingIncome": "None", "depreciation": "63930000", "depreciationAndAmortization": "1563000", "incomeBeforeTax": "517516000", "incomeTaxExpense": "226932000", "interestAndDebtExpense": "None", "netIncomeFromContinuingOperations": "290584000", "comprehensiveIncomeNetOfTax": "314593000", "ebit": "517280000", "ebitda": "518843000", "netIncome": "290584000"}, {"fiscalDateEnding": "2016-12-31", "reportedCurrency": "USD", "grossProfit": "2160676000", "totalRevenue": "5251287000", "costOfRevenue": "4697177000", "costofGoodsAndServicesSold": "3089723000", "operatingIncome": "554459000", "sellingGeneralAndAdministrative": "1606217000", "researchAndDevelopment": "None", "operatingExpenses": "1616646000", "investmentIncomeNet": "None", "netInterestIncome": "888000", "interestIncome": "888000", "interestExpense": "-888000", "nonInterestIncome": "5250399000", "otherNonOperatingIncome": "None", "depreciation": "63078000", "depreciationAndAmortization": "1237000", "incomeBeforeTax": "554110000", "incomeTaxExpense": "210721000", "interestAndDebtExpense": "None", "netIncomeFromContinuingOperations": "343389000", "comprehensiveIncomeNetOfTax": "333181000", "ebit": "554459000", "ebitda": "555696000", "netIncome": "343389000"}], "quarterlyReports": [{"fiscalDateEnding": "2021-09-30", "reportedCurrency": "USD", "grossProfit": "725327000", "totalRevenue": "1712804000", "costOfRevenue": "1481628000", "costofGoodsAndServicesSold": "987239000", "operatingIncome": "227992000", "sellingGeneralAndAdministrative": "495576000", "researchAndDevelopment": "None", "operatingExpenses": "496148000", "investmentIncomeNet": "None", "netInterestIncome": "238000", "interestIncome": "238000", "interestExpense": "1759000", "nonInterestIncome": "1712566000", "otherNonOperatingIncome": "None", "depreciation": "12821000", "depreciationAndAmortization": "572000", "incomeBeforeTax": "227658000", "incomeTaxExpense": "56787000", "interestAndDebtExpense": "None", "netIncomeFromContinuingOperations": "170871000", "comprehensiveIncomeNetOfTax": "160863000", "ebit": "227992000", "ebitda": "228564000", "netIncome": "170871000"}, {"fiscalDateEnding": "2021-06-30", "reportedCurrency": "USD", "grossProfit": "664872000", "totalRevenue": "1580430000", "costOfRevenue": "1432188000", "costofGoodsAndServicesSold": "915709000", "operatingIncome": "204589000", "sellingGeneralAndAdministrative": "488093000", "researchAndDevelopment": "None", "operatingExpenses": "488669000", "investmentIncomeNet": "None", "netInterestIncome": "-151000", "interestIncome": "-151000", "interestExpense": "-27810000", "nonInterestIncome": "1580581000", "otherNonOperatingIncome": "None", "depreciation": "13753000", "depreciationAndAmortization": "576000", "incomeBeforeTax": "203862000", "incomeTaxExpense": "54649000", "interestAndDebtExpense": "None", "netIncomeFromContinuingOperations": "149213000", "comprehensiveIncomeNetOfTax": "153650000", "ebit": "204589000", "ebitda": "205165000", "netIncome": "149213000"}, {"fiscalDateEnding": "2021-03-31", "reportedCurrency": "USD", "grossProfit": "561711000", "totalRevenue": "1398425000", "costOfRevenue": "1272295000", "costofGoodsAndServicesSold": "836669000", "operatingIncome": "150637000", "sellingGeneralAndAdministrative": "423062000", "researchAndDevelopment": "None", "operatingExpenses": "426795000", "investmentIncomeNet": "None", "netInterestIncome": "45000", "interestIncome": "45000", "interestExpense": "-45000", "nonInterestIncome": "1398380000", "otherNonOperatingIncome": "None", "depreciation": "13962000", "depreciationAndAmortization": "576000", "incomeBeforeTax": "150106000", "incomeTaxExpense": "39508000", "interestAndDebtExpense": "None", "netIncomeFromContinuingOperations": "110598000", "comprehensiveIncomeNetOfTax": "101801000", "ebit": "150637000", "ebitda": "151213000", "netIncome": "110598000"}, {"fiscalDateEnding": "2020-12-31", "reportedCurrency": "USD", "grossProfit": "514342000", "totalRevenue": "1304086000", "costOfRevenue": "81500000", "costofGoodsAndServicesSold": "789759000", "operatingIncome": "129723000", "sellingGeneralAndAdministrative": "425162000", "researchAndDevelopment": "None", "operatingExpenses": "81500000", "investmentIncomeNet": "None", "netInterestIncome": "79000", "interestIncome": "79000", "interestExpense": "-79000", "nonInterestIncome": "1304086000", "otherNonOperatingIncome": "None", "depreciation": "15184000", "depreciationAndAmortization": "217000", "incomeBeforeTax": "129585000", "incomeTaxExpense": "35169000", "interestAndDebtExpense": "None", "netIncomeFromContinuingOperations": "129585000", "comprehensiveIncomeNetOfTax": "105680000", "ebit": "129723000", "ebitda": "129940000", "netIncome": "94416000"}, {"fiscalDateEnding": "2020-09-30", "reportedCurrency": "USD", "grossProfit": "467346000", "totalRevenue": "1190099000", "costOfRevenue": "1139779000", "costofGoodsAndServicesSold": "722551000", "operatingIncome": "102642000", "sellingGeneralAndAdministrative": "390799000", "researchAndDevelopment": "None", "operatingExpenses": "391133000", "investmentIncomeNet": "None", "netInterestIncome": "202000", "interestIncome": "202000", "interestExpense": "-202000", "nonInterestIncome": "1189897000", "otherNonOperatingIncome": "None", "depreciation": "15588000", "depreciationAndAmortization": "334000", "incomeBeforeTax": "102510000", "incomeTaxExpense": "26761000", "interestAndDebtExpense": "None", "netIncomeFromContinuingOperations": "75749000", "comprehensiveIncomeNetOfTax": "86905000", "ebit": "102642000", "ebitda": "102976000", "netIncome": "75749000"}, {"fiscalDateEnding": "2020-06-30", "reportedCurrency": "USD", "grossProfit": "416535000", "totalRevenue": "1108431000", "costOfRevenue": "1050407000", "costofGoodsAndServicesSold": "691791000", "operatingIncome": "58249000", "sellingGeneralAndAdministrative": "407213000", "researchAndDevelopment": "None", "operatingExpenses": "365158000", "investmentIncomeNet": "None", "netInterestIncome": "105000", "interestIncome": "105000", "interestExpense": "-105000", "nonInterestIncome": "1108326000", "otherNonOperatingIncome": "None", "depreciation": "15596000", "depreciationAndAmortization": "330000", "incomeBeforeTax": "58024000", "incomeTaxExpense": "11828000", "interestAndDebtExpense": "None", "netIncomeFromContinuingOperations": "46196000", "comprehensiveIncomeNetOfTax": "52730000", "ebit": "58249000", "ebitda": "58579000", "netIncome": "46196000"}, {"fiscalDateEnding": "2020-03-31", "reportedCurrency": "USD", "grossProfit": "614388000", "totalRevenue": "1507648000", "costOfRevenue": "1375885000", "costofGoodsAndServicesSold": "892303000", "operatingIncome": "131144000", "sellingGeneralAndAdministrative": "442868000", "researchAndDevelopment": "None", "operatingExpenses": "484601000", "investmentIncomeNet": "None", "netInterestIncome": "957000", "interestIncome": "957000", "interestExpense": "40376000", "nonInterestIncome": "1506691000", "otherNonOperatingIncome": "None", "depreciation": "15913000", "depreciationAndAmortization": "338000", "incomeBeforeTax": "131763000", "incomeTaxExpense": "41848000", "interestAndDebtExpense": "None", "netIncomeFromContinuingOperations": "89915000", "comprehensiveIncomeNetOfTax": "76215000", "ebit": "131144000", "ebitda": "131482000", "netIncome": "89915000"}, {"fiscalDateEnding": "2019-12-31", "reportedCurrency": "USD", "grossProfit": "636861000", "totalRevenue": "1537385000", "costOfRevenue": "1384495000", "costofGoodsAndServicesSold": "900524000", "operatingIncome": "153229000", "sellingGeneralAndAdministrative": "503921000", "researchAndDevelopment": "None", "operatingExpenses": "489421000", "investmentIncomeNet": "None", "netInterestIncome": "1357000", "interestIncome": "1357000", "interestExpense": "-1357000", "nonInterestIncome": "1537385000", "otherNonOperatingIncome": "None", "depreciation": "15779000", "depreciationAndAmortization": "339000", "incomeBeforeTax": "154247000", "incomeTaxExpense": "41405000", "interestAndDebtExpense": "None", "netIncomeFromContinuingOperations": "154247000", "comprehensiveIncomeNetOfTax": "118727000", "ebit": "153229000", "ebitda": "153568000", "netIncome": "112842000"}, {"fiscalDateEnding": "2019-09-30", "reportedCurrency": "USD", "grossProfit": "646278000", "totalRevenue": "1553362000", "costOfRevenue": "1389580000", "costofGoodsAndServicesSold": "905854000", "operatingIncome": "162891000", "sellingGeneralAndAdministrative": "484837000", "researchAndDevelopment": "None", "operatingExpenses": "483894000", "investmentIncomeNet": "None", "netInterestIncome": "1230000", "interestIncome": "1230000", "interestExpense": "-1230000", "nonInterestIncome": "1552132000", "otherNonOperatingIncome": "None", "depreciation": "16745000", "depreciationAndAmortization": "339000", "incomeBeforeTax": "163782000", "incomeTaxExpense": "46601000", "interestAndDebtExpense": "None", "netIncomeFromContinuingOperations": "117181000", "comprehensiveIncomeNetOfTax": "107170000", "ebit": "162891000", "ebitda": "163230000", "netIncome": "117181000"}, {"fiscalDateEnding": "2019-06-30", "reportedCurrency": "USD", "grossProfit": "636589000", "totalRevenue": "1517427000", "costOfRevenue": "1357324000", "costofGoodsAndServicesSold": "878844000", "operatingIncome": "159402000", "sellingGeneralAndAdministrative": "478139000", "researchAndDevelopment": "None", "operatingExpenses": "478480000", "investmentIncomeNet": "None", "netInterestIncome": "1042000", "interestIncome": "1042000", "interestExpense": "-1042000", "nonInterestIncome": "1516385000", "otherNonOperatingIncome": "None", "depreciation": "16088000", "depreciationAndAmortization": "341000", "incomeBeforeTax": "160103000", "incomeTaxExpense": "45491000", "interestAndDebtExpense": "None", "netIncomeFromContinuingOperations": "114612000", "comprehensiveIncomeNetOfTax": "116758000", "ebit": "159402000", "ebitda": "159743000", "netIncome": "114612000"}, {"fiscalDateEnding": "2019-03-31", "reportedCurrency": "USD", "grossProfit": "605401000", "totalRevenue": "1470026000", "costOfRevenue": "1322643000", "costofGoodsAndServicesSold": "860942000", "operatingIncome": "146229000", "sellingGeneralAndAdministrative": "461359000", "researchAndDevelopment": "None", "operatingExpenses": "464026000", "investmentIncomeNet": "None", "netInterestIncome": "1496000", "interestIncome": "1496000", "interestExpense": "-1496000", "nonInterestIncome": "1468530000", "otherNonOperatingIncome": "None", "depreciation": "15652000", "depreciationAndAmortization": "342000", "incomeBeforeTax": "147383000", "incomeTaxExpense": "37585000", "interestAndDebtExpense": "None", "netIncomeFromContinuingOperations": "109798000", "comprehensiveIncomeNetOfTax": "107901000", "ebit": "146229000", "ebitda": "146571000", "netIncome": "109798000"}, {"fiscalDateEnding": "2018-12-31", "reportedCurrency": "USD", "grossProfit": "620062000", "totalRevenue": "1481658000", "costOfRevenue": "1328120000", "costofGoodsAndServicesSold": "860598000", "operatingIncome": "153909000", "sellingGeneralAndAdministrative": "455665000", "researchAndDevelopment": "None", "operatingExpenses": "470228000", "investmentIncomeNet": "None", "netInterestIncome": "1445000", "interestIncome": "None", "interestExpense": "-1445000", "nonInterestIncome": "1481658000", "otherNonOperatingIncome": "None", "depreciation": "15900000", "depreciationAndAmortization": "371000", "incomeBeforeTax": "154983000", "incomeTaxExpense": "41419000", "interestAndDebtExpense": "None", "netIncomeFromContinuingOperations": "154983000", "comprehensiveIncomeNetOfTax": "107247000", "ebit": "153909000", "ebitda": "154280000", "netIncome": "113564000"}, {"fiscalDateEnding": "2018-09-30", "reportedCurrency": "USD", "grossProfit": "610468000", "totalRevenue": "1467422000", "costOfRevenue": "1315517000", "costofGoodsAndServicesSold": "855758000", "operatingIncome": "151138000", "sellingGeneralAndAdministrative": "459330000", "researchAndDevelopment": "None", "operatingExpenses": "459759000", "investmentIncomeNet": "None", "netInterestIncome": "1196000", "interestIncome": "None", "interestExpense": "-1196000", "nonInterestIncome": "1466226000", "otherNonOperatingIncome": "None", "depreciation": "15941000", "depreciationAndAmortization": "429000", "incomeBeforeTax": "151905000", "incomeTaxExpense": "36663000", "interestAndDebtExpense": "None", "netIncomeFromContinuingOperations": "115242000", "comprehensiveIncomeNetOfTax": "111859000", "ebit": "151138000", "ebitda": "151567000", "netIncome": "115242000"}, {"fiscalDateEnding": "2018-06-30", "reportedCurrency": "USD", "grossProfit": "607118000", "totalRevenue": "1458060000", "costOfRevenue": "1307985000", "costofGoodsAndServicesSold": "849936000", "operatingIncome": "149511000", "sellingGeneralAndAdministrative": "457607000", "researchAndDevelopment": "None", "operatingExpenses": "458049000", "investmentIncomeNet": "None", "netInterestIncome": "1006000", "interestIncome": "None", "interestExpense": "-1006000", "nonInterestIncome": "1457054000", "otherNonOperatingIncome": "None", "depreciation": "16150000", "depreciationAndAmortization": "442000", "incomeBeforeTax": "150075000", "incomeTaxExpense": "40760000", "interestAndDebtExpense": "None", "netIncomeFromContinuingOperations": "109315000", "comprehensiveIncomeNetOfTax": "93891000", "ebit": "149511000", "ebitda": "149953000", "netIncome": "109315000"}, {"fiscalDateEnding": "2018-03-31", "reportedCurrency": "USD", "grossProfit": "572366000", "totalRevenue": "2791401000", "costOfRevenue": "1261429000", "costofGoodsAndServicesSold": "822967000", "operatingIncome": "134367000", "sellingGeneralAndAdministrative": "437999000", "researchAndDevelopment": "None", "operatingExpenses": "440240000", "investmentIncomeNet": "None", "netInterestIncome": "735000", "interestIncome": "None", "interestExpense": "-735000", "nonInterestIncome": "1395333000", "otherNonOperatingIncome": "None", "depreciation": "16253000", "depreciationAndAmortization": "463000", "incomeBeforeTax": "134639000", "incomeTaxExpense": "38472000", "interestAndDebtExpense": "None", "netIncomeFromContinuingOperations": "96167000", "comprehensiveIncomeNetOfTax": "101675000", "ebit": "134367000", "ebitda": "134830000", "netIncome": "96167000"}, {"fiscalDateEnding": "2017-12-31", "reportedCurrency": "USD", "grossProfit": "553146000", "totalRevenue": "1346282000", "costOfRevenue": "1217935000", "costofGoodsAndServicesSold": "793136000", "operatingIncome": "128763000", "sellingGeneralAndAdministrative": "424383000", "researchAndDevelopment": "None", "operatingExpenses": "427494000", "investmentIncomeNet": "None", "netInterestIncome": "691000", "interestIncome": "None", "interestExpense": "-691000", "nonInterestIncome": "1346282000", "otherNonOperatingIncome": "None", "depreciation": "16014000", "depreciationAndAmortization": "416000", "incomeBeforeTax": "129038000", "incomeTaxExpense": "81991000", "interestAndDebtExpense": "None", "netIncomeFromContinuingOperations": "129038000", "comprehensiveIncomeNetOfTax": "48850000", "ebit": "128763000", "ebitda": "129179000", "netIncome": "47047000"}, {"fiscalDateEnding": "2017-09-30", "reportedCurrency": "USD", "grossProfit": "546400000", "totalRevenue": "1325239000", "costOfRevenue": "1192969000", "costofGoodsAndServicesSold": "778309000", "operatingIncome": "132221000", "sellingGeneralAndAdministrative": "414179000", "researchAndDevelopment": "None", "operatingExpenses": "414660000", "investmentIncomeNet": "None", "netInterestIncome": "530000", "interestIncome": "None", "interestExpense": "-530000", "nonInterestIncome": "1324709000", "otherNonOperatingIncome": "None", "depreciation": "16071000", "depreciationAndAmortization": "481000", "incomeBeforeTax": "132270000", "incomeTaxExpense": "47570000", "interestAndDebtExpense": "None", "netIncomeFromContinuingOperations": "84700000", "comprehensiveIncomeNetOfTax": "91910000", "ebit": "132221000", "ebitda": "132702000", "netIncome": "84700000"}, {"fiscalDateEnding": "2017-06-30", "reportedCurrency": "USD", "grossProfit": "538438000", "totalRevenue": "1308783000", "costOfRevenue": "1178076000", "costofGoodsAndServicesSold": "769990000", "operatingIncome": "130717000", "sellingGeneralAndAdministrative": "407721000", "researchAndDevelopment": "None", "operatingExpenses": "408086000", "investmentIncomeNet": "None", "netInterestIncome": "355000", "interestIncome": "None", "interestExpense": "-355000", "nonInterestIncome": "1308428000", "otherNonOperatingIncome": "None", "depreciation": "15946000", "depreciationAndAmortization": "365000", "incomeBeforeTax": "130707000", "incomeTaxExpense": "50391000", "interestAndDebtExpense": "None", "netIncomeFromContinuingOperations": "80316000", "comprehensiveIncomeNetOfTax": "90448000", "ebit": "130717000", "ebitda": "131082000", "netIncome": "80316000"}, {"fiscalDateEnding": "2017-03-31", "reportedCurrency": "USD", "grossProfit": "525828000", "totalRevenue": "1287593000", "costOfRevenue": "1162092000", "costofGoodsAndServicesSold": "761542000", "operatingIncome": "125579000", "sellingGeneralAndAdministrative": "400249000", "researchAndDevelopment": "None", "operatingExpenses": "402247000", "investmentIncomeNet": "None", "netInterestIncome": "223000", "interestIncome": "None", "interestExpense": "-223000", "nonInterestIncome": "1287370000", "otherNonOperatingIncome": "None", "depreciation": "15899000", "depreciationAndAmortization": "301000", "incomeBeforeTax": "125501000", "incomeTaxExpense": "46980000", "interestAndDebtExpense": "None", "netIncomeFromContinuingOperations": "78521000", "comprehensiveIncomeNetOfTax": "83385000", "ebit": "125579000", "ebitda": "125880000", "netIncome": "78521000"}, {"fiscalDateEnding": "2016-12-31", "reportedCurrency": "USD", "grossProfit": "519202000", "totalRevenue": "1265073000", "costOfRevenue": "1140685000", "costofGoodsAndServicesSold": "745871000", "operatingIncome": "124697000", "sellingGeneralAndAdministrative": "394505000", "researchAndDevelopment": "None", "operatingExpenses": "400683000", "investmentIncomeNet": "None", "netInterestIncome": "193000", "interestIncome": "None", "interestExpense": "-193000", "nonInterestIncome": "None", "otherNonOperatingIncome": "None", "depreciation": "16307000", "depreciationAndAmortization": "309000", "incomeBeforeTax": "124581000", "incomeTaxExpense": "46793000", "interestAndDebtExpense": "None", "netIncomeFromContinuingOperations": "124581000", "comprehensiveIncomeNetOfTax": "64525000", "ebit": "124697000", "ebitda": "125006000", "netIncome": "77788000"}]}