{"symbol": "RJF", "annualReports": [{"fiscalDateEnding": "2021-09-30", "reportedCurrency": "USD", "grossProfit": "1961000000", "totalRevenue": "9910000000", "costOfRevenue": "7949000000", "costofGoodsAndServicesSold": "None", "operatingIncome": "1037000000", "sellingGeneralAndAdministrative": "884000000", "researchAndDevelopment": "None", "operatingExpenses": "924000000", "investmentIncomeNet": "None", "netInterestIncome": "673000000", "interestIncome": "823000000", "interestExpense": "150000000", "nonInterestIncome": "587000000", "otherNonOperatingIncome": "None", "depreciation": "None", "depreciationAndAmortization": "21000000", "incomeBeforeTax": "1791000000", "incomeTaxExpense": "388000000", "interestAndDebtExpense": "248000000", "netIncomeFromContinuingOperations": "1403000000", "comprehensiveIncomeNetOfTax": "1351000000", "ebit": "1941000000", "ebitda": "1962000000", "netIncome": "1403000000"}, {"fiscalDateEnding": "2020-09-30", "reportedCurrency": "USD", "grossProfit": "973000000", "totalRevenue": "8168000000", "costOfRevenue": "7195000000", "costofGoodsAndServicesSold": "370000000", "operatingIncome": "71000000", "sellingGeneralAndAdministrative": "843000000", "researchAndDevelopment": "None", "operatingExpenses": "902000000", "investmentIncomeNet": "None", "netInterestIncome": "822000000", "interestIncome": "1000000000", "interestExpense": "178000000", "nonInterestIncome": "7168000000", "otherNonOperatingIncome": "1000000000", "depreciation": "None", "depreciationAndAmortization": "13000000", "incomeBeforeTax": "1052000000", "incomeTaxExpense": "234000000", "interestAndDebtExpense": "178000000", "netIncomeFromContinuingOperations": "818000000", "comprehensiveIncomeNetOfTax": "852000000", "ebit": "1230000000", "ebitda": "1243000000", "netIncome": "818000000"}, {"fiscalDateEnding": "2019-09-30", "reportedCurrency": "USD", "grossProfit": "1599000000", "totalRevenue": "8023000000", "costOfRevenue": "6424000000", "costofGoodsAndServicesSold": "462000000", "operatingIncome": "695000000", "sellingGeneralAndAdministrative": "870000000", "researchAndDevelopment": "None", "operatingExpenses": "904000000", "investmentIncomeNet": "None", "netInterestIncome": "998000000", "interestIncome": "1281000000", "interestExpense": "283000000", "nonInterestIncome": "6742000000", "otherNonOperatingIncome": "None", "depreciation": "None", "depreciationAndAmortization": "15000000", "incomeBeforeTax": "1375000000", "incomeTaxExpense": "341000000", "interestAndDebtExpense": "283000000", "netIncomeFromContinuingOperations": "-6011000000", "comprehensiveIncomeNetOfTax": "1042000000", "ebit": "1658000000", "ebitda": "1673000000", "netIncome": "1034000000"}, {"fiscalDateEnding": "2018-09-30", "reportedCurrency": "USD", "grossProfit": "1451697000", "totalRevenue": "7476000000", "costOfRevenue": "6024124000", "costofGoodsAndServicesSold": "368000000", "operatingIncome": "684805000", "sellingGeneralAndAdministrative": "749292000", "researchAndDevelopment": "None", "operatingExpenses": "766892000", "investmentIncomeNet": "None", "netInterestIncome": "842000000", "interestIncome": "1044000000", "interestExpense": "202000000", "nonInterestIncome": "6432000000", "otherNonOperatingIncome": "1043993000", "depreciation": "None", "depreciationAndAmortization": "13673000", "incomeBeforeTax": "1311000000", "incomeTaxExpense": "454000000", "interestAndDebtExpense": "201503000", "netIncomeFromContinuingOperations": "856695000", "comprehensiveIncomeNetOfTax": "845000000", "ebit": "1513000000", "ebitda": "1526673000", "netIncome": "857000000"}, {"fiscalDateEnding": "2017-09-30", "reportedCurrency": "USD", "grossProfit": "1045399000", "totalRevenue": "6525000000", "costOfRevenue": "5479476000", "costofGoodsAndServicesSold": "281020000", "operatingIncome": "-3919043000", "sellingGeneralAndAdministrative": "4885011000", "researchAndDevelopment": "None", "operatingExpenses": "4964442000", "investmentIncomeNet": "None", "netInterestIncome": "648000000", "interestIncome": "802000000", "interestExpense": "154000000", "nonInterestIncome": "5723000000", "otherNonOperatingIncome": "None", "depreciation": "None", "depreciationAndAmortization": "12850000", "incomeBeforeTax": "925000000", "incomeTaxExpense": "289000000", "interestAndDebtExpense": "199524000", "netIncomeFromContinuingOperations": "636235000", "comprehensiveIncomeNetOfTax": "677000000", "ebit": "1079000000", "ebitda": "1091850000", "netIncome": "636000000"}], "quarterlyReports": [{"fiscalDateEnding": "2021-09-30", "reportedCurrency": "USD", "grossProfit": "586000000", "totalRevenue": "2730000000", "costOfRevenue": "2144000000", "costofGoodsAndServicesSold": "None", "operatingIncome": "313000000", "sellingGeneralAndAdministrative": "242000000", "researchAndDevelopment": "None", "operatingExpenses": "273000000", "investmentIncomeNet": "None", "netInterestIncome": "180000000", "interestIncome": "215000000", "interestExpense": "35000000", "nonInterestIncome": "-5985000000", "otherNonOperatingIncome": "None", "depreciation": "None", "depreciationAndAmortization": "None", "incomeBeforeTax": "560000000", "incomeTaxExpense": "131000000", "interestAndDebtExpense": "35000000", "netIncomeFromContinuingOperations": "429000000", "comprehensiveIncomeNetOfTax": "398000000", "ebit": "595000000", "ebitda": "595000000", "netIncome": "429000000"}, {"fiscalDateEnding": "2021-06-30", "reportedCurrency": "USD", "grossProfit": "444000000", "totalRevenue": "2511000000", "costOfRevenue": "2067000000", "costofGoodsAndServicesSold": "100000000", "operatingIncome": "213000000", "sellingGeneralAndAdministrative": "224000000", "researchAndDevelopment": "None", "operatingExpenses": "231000000", "investmentIncomeNet": "None", "netInterestIncome": "165000000", "interestIncome": "205000000", "interestExpense": "40000000", "nonInterestIncome": "2306000000", "otherNonOperatingIncome": "None", "depreciation": "None", "depreciationAndAmortization": "33000000", "incomeBeforeTax": "385000000", "incomeTaxExpense": "78000000", "interestAndDebtExpense": "138000000", "netIncomeFromContinuingOperations": "307000000", "comprehensiveIncomeNetOfTax": "335000000", "ebit": "425000000", "ebitda": "458000000", "netIncome": "307000000"}, {"fiscalDateEnding": "2021-03-31", "reportedCurrency": "USD", "grossProfit": "516000000", "totalRevenue": "2409000000", "costOfRevenue": "1893000000", "costofGoodsAndServicesSold": "92000000", "operatingIncome": "307000000", "sellingGeneralAndAdministrative": "209000000", "researchAndDevelopment": "None", "operatingExpenses": "209000000", "investmentIncomeNet": "None", "netInterestIncome": "163000000", "interestIncome": "200000000", "interestExpense": "37000000", "nonInterestIncome": "2209000000", "otherNonOperatingIncome": "None", "depreciation": "None", "depreciationAndAmortization": "32000000", "incomeBeforeTax": "447000000", "incomeTaxExpense": "92000000", "interestAndDebtExpense": "37000000", "netIncomeFromContinuingOperations": "355000000", "comprehensiveIncomeNetOfTax": "300000000", "ebit": "484000000", "ebitda": "516000000", "netIncome": "355000000"}, {"fiscalDateEnding": "2020-12-31", "reportedCurrency": "USD", "grossProfit": "421000000", "totalRevenue": "2260000000", "costOfRevenue": "1839000000", "costofGoodsAndServicesSold": "96000000", "operatingIncome": "210000000", "sellingGeneralAndAdministrative": "209000000", "researchAndDevelopment": "None", "operatingExpenses": "211000000", "investmentIncomeNet": "None", "netInterestIncome": "165000000", "interestIncome": "203000000", "interestExpense": "38000000", "nonInterestIncome": "2057000000", "otherNonOperatingIncome": "None", "depreciation": "None", "depreciationAndAmortization": "32000000", "incomeBeforeTax": "399000000", "incomeTaxExpense": "87000000", "interestAndDebtExpense": "38000000", "netIncomeFromContinuingOperations": "312000000", "comprehensiveIncomeNetOfTax": "318000000", "ebit": "437000000", "ebitda": "469000000", "netIncome": "312000000"}, {"fiscalDateEnding": "2020-09-30", "reportedCurrency": "USD", "grossProfit": "250000000", "totalRevenue": "2121000000", "costOfRevenue": "1871000000", "costofGoodsAndServicesSold": "91000000", "operatingIncome": "-17000000", "sellingGeneralAndAdministrative": "208000000", "researchAndDevelopment": "None", "operatingExpenses": "267000000", "investmentIncomeNet": "None", "netInterestIncome": "159000000", "interestIncome": "201000000", "interestExpense": "42000000", "nonInterestIncome": "1920000000", "otherNonOperatingIncome": "1000000000", "depreciation": "None", "depreciationAndAmortization": "31000000", "incomeBeforeTax": "256000000", "incomeTaxExpense": "47000000", "interestAndDebtExpense": "42000000", "netIncomeFromContinuingOperations": "209000000", "comprehensiveIncomeNetOfTax": "219000000", "ebit": "298000000", "ebitda": "329000000", "netIncome": "209000000"}, {"fiscalDateEnding": "2020-06-30", "reportedCurrency": "USD", "grossProfit": "159000000", "totalRevenue": "1876000000", "costOfRevenue": "1717000000", "costofGoodsAndServicesSold": "89000000", "operatingIncome": "-41000000", "sellingGeneralAndAdministrative": "200000000", "researchAndDevelopment": "None", "operatingExpenses": "200000000", "investmentIncomeNet": "None", "netInterestIncome": "175000000", "interestIncome": "217000000", "interestExpense": "42000000", "nonInterestIncome": "1659000000", "otherNonOperatingIncome": "None", "depreciation": "None", "depreciationAndAmortization": "30000000", "incomeBeforeTax": "198000000", "incomeTaxExpense": "26000000", "interestAndDebtExpense": "42000000", "netIncomeFromContinuingOperations": "172000000", "comprehensiveIncomeNetOfTax": "184000000", "ebit": "240000000", "ebitda": "None", "netIncome": "172000000"}, {"fiscalDateEnding": "2020-03-31", "reportedCurrency": "USD", "grossProfit": "173000000", "totalRevenue": "2111000000", "costOfRevenue": "1938000000", "costofGoodsAndServicesSold": "92000000", "operatingIncome": "-46000000", "sellingGeneralAndAdministrative": "219000000", "researchAndDevelopment": "None", "operatingExpenses": "219000000", "investmentIncomeNet": "None", "netInterestIncome": "242000000", "interestIncome": "285000000", "interestExpense": "43000000", "nonInterestIncome": "1826000000", "otherNonOperatingIncome": "None", "depreciation": "None", "depreciationAndAmortization": "28000000", "incomeBeforeTax": "239000000", "incomeTaxExpense": "70000000", "interestAndDebtExpense": "43000000", "netIncomeFromContinuingOperations": "169000000", "comprehensiveIncomeNetOfTax": "163000000", "ebit": "282000000", "ebitda": "None", "netIncome": "169000000"}, {"fiscalDateEnding": "2019-12-31", "reportedCurrency": "USD", "grossProfit": "409000000", "totalRevenue": "2060000000", "costOfRevenue": "1651000000", "costofGoodsAndServicesSold": "98000000", "operatingIncome": "193000000", "sellingGeneralAndAdministrative": "216000000", "researchAndDevelopment": "None", "operatingExpenses": "216000000", "investmentIncomeNet": "None", "netInterestIncome": "246000000", "interestIncome": "297000000", "interestExpense": "51000000", "nonInterestIncome": "1763000000", "otherNonOperatingIncome": "None", "depreciation": "None", "depreciationAndAmortization": "30000000", "incomeBeforeTax": "359000000", "incomeTaxExpense": "91000000", "interestAndDebtExpense": "51000000", "netIncomeFromContinuingOperations": "268000000", "comprehensiveIncomeNetOfTax": "286000000", "ebit": "410000000", "ebitda": "None", "netIncome": "268000000"}, {"fiscalDateEnding": "2019-09-30", "reportedCurrency": "USD", "grossProfit": "418000000", "totalRevenue": "2085000000", "costOfRevenue": "1667000000", "costofGoodsAndServicesSold": "110000000", "operatingIncome": "153000000", "sellingGeneralAndAdministrative": "231000000", "researchAndDevelopment": "None", "operatingExpenses": "265000000", "investmentIncomeNet": "None", "netInterestIncome": "258000000", "interestIncome": "320000000", "interestExpense": "62000000", "nonInterestIncome": "1765000000", "otherNonOperatingIncome": "None", "depreciation": "None", "depreciationAndAmortization": "31000000", "incomeBeforeTax": "354000000", "incomeTaxExpense": "89000000", "interestAndDebtExpense": "62000000", "netIncomeFromContinuingOperations": "-6780000000", "comprehensiveIncomeNetOfTax": "256000000", "ebit": "416000000", "ebitda": "None", "netIncome": "265000000"}, {"fiscalDateEnding": "2019-06-30", "reportedCurrency": "USD", "grossProfit": "418000000", "totalRevenue": "2000000000", "costOfRevenue": "1582000000", "costofGoodsAndServicesSold": "119000000", "operatingIncome": "192000000", "sellingGeneralAndAdministrative": "226000000", "researchAndDevelopment": "None", "operatingExpenses": "226000000", "investmentIncomeNet": "None", "netInterestIncome": "248000000", "interestIncome": "321000000", "interestExpense": "73000000", "nonInterestIncome": "1679000000", "otherNonOperatingIncome": "None", "depreciation": "None", "depreciationAndAmortization": "28000000", "incomeBeforeTax": "342000000", "incomeTaxExpense": "83000000", "interestAndDebtExpense": "73000000", "netIncomeFromContinuingOperations": "259000000", "comprehensiveIncomeNetOfTax": "270000000", "ebit": "415000000", "ebitda": "None", "netIncome": "259000000"}, {"fiscalDateEnding": "2019-03-31", "reportedCurrency": "USD", "grossProfit": "405000000", "totalRevenue": "1934000000", "costOfRevenue": "1529000000", "costofGoodsAndServicesSold": "114000000", "operatingIncome": "200000000", "sellingGeneralAndAdministrative": "205000000", "researchAndDevelopment": "None", "operatingExpenses": "205000000", "investmentIncomeNet": "None", "netInterestIncome": "249000000", "interestIncome": "324000000", "interestExpense": "75000000", "nonInterestIncome": "1610000000", "otherNonOperatingIncome": "None", "depreciation": "None", "depreciationAndAmortization": "27000000", "incomeBeforeTax": "347000000", "incomeTaxExpense": "86000000", "interestAndDebtExpense": "75000000", "netIncomeFromContinuingOperations": "261000000", "comprehensiveIncomeNetOfTax": "275000000", "ebit": "422000000", "ebitda": "None", "netIncome": "261000000"}, {"fiscalDateEnding": "2018-12-31", "reportedCurrency": "USD", "grossProfit": "371000000", "totalRevenue": "2004000000", "costOfRevenue": "1633000000", "costofGoodsAndServicesSold": "116000000", "operatingIncome": "163000000", "sellingGeneralAndAdministrative": "208000000", "researchAndDevelopment": "None", "operatingExpenses": "208000000", "investmentIncomeNet": "None", "netInterestIncome": "243000000", "interestIncome": "316000000", "interestExpense": "73000000", "nonInterestIncome": "1688000000", "otherNonOperatingIncome": "None", "depreciation": "None", "depreciationAndAmortization": "26000000", "incomeBeforeTax": "332000000", "incomeTaxExpense": "83000000", "interestAndDebtExpense": "73000000", "netIncomeFromContinuingOperations": "249000000", "comprehensiveIncomeNetOfTax": "241000000", "ebit": "405000000", "ebitda": "None", "netIncome": "249000000"}, {"fiscalDateEnding": "2018-09-30", "reportedCurrency": "USD", "grossProfit": "386221000", "totalRevenue": "1962000000", "costOfRevenue": "1575872000", "costofGoodsAndServicesSold": "117730000", "operatingIncome": "3745008000", "sellingGeneralAndAdministrative": "-3362263000", "researchAndDevelopment": "None", "operatingExpenses": "-3358787000", "investmentIncomeNet": "None", "netInterestIncome": "229000000", "interestIncome": "292000000", "interestExpense": "63000000", "nonInterestIncome": "1670000000", "otherNonOperatingIncome": "1043993000", "depreciation": "None", "depreciationAndAmortization": "3476000", "incomeBeforeTax": "350000000", "incomeTaxExpense": "87000000", "interestAndDebtExpense": "63163000", "netIncomeFromContinuingOperations": "262748000", "comprehensiveIncomeNetOfTax": "263000000", "ebit": "413000000", "ebitda": "416476000", "netIncome": "263000000"}, {"fiscalDateEnding": "2018-06-30", "reportedCurrency": "USD", "grossProfit": "367123000", "totalRevenue": "1891000000", "costOfRevenue": "1523779000", "costofGoodsAndServicesSold": "114679000", "operatingIncome": "-1042015000", "sellingGeneralAndAdministrative": "1405610000", "researchAndDevelopment": "None", "operatingExpenses": "1409138000", "investmentIncomeNet": "None", "netInterestIncome": "217000000", "interestIncome": "271000000", "interestExpense": "54000000", "nonInterestIncome": "1620000000", "otherNonOperatingIncome": "None", "depreciation": "None", "depreciationAndAmortization": "3528000", "incomeBeforeTax": "318000000", "incomeTaxExpense": "86000000", "interestAndDebtExpense": "54307000", "netIncomeFromContinuingOperations": "232258000", "comprehensiveIncomeNetOfTax": "228000000", "ebit": "372000000", "ebitda": "375528000", "netIncome": "232000000"}, {"fiscalDateEnding": "2018-03-31", "reportedCurrency": "USD", "grossProfit": "368142000", "totalRevenue": "1857000000", "costOfRevenue": "1489092000", "costofGoodsAndServicesSold": "1470234000", "operatingIncome": "-1021231000", "sellingGeneralAndAdministrative": "1385840000", "researchAndDevelopment": "None", "operatingExpenses": "1389373000", "investmentIncomeNet": "None", "netInterestIncome": "204000000", "interestIncome": "249000000", "interestExpense": "45000000", "nonInterestIncome": "1608000000", "otherNonOperatingIncome": "None", "depreciation": "None", "depreciationAndAmortization": "3533000", "incomeBeforeTax": "332000000", "incomeTaxExpense": "89000000", "interestAndDebtExpense": "44602000", "netIncomeFromContinuingOperations": "242847000", "comprehensiveIncomeNetOfTax": "240000000", "ebit": "377000000", "ebitda": "380533000", "netIncome": "243000000"}, {"fiscalDateEnding": "2017-12-31", "reportedCurrency": "USD", "grossProfit": "341850000", "totalRevenue": "1766000000", "costOfRevenue": "1423742000", "costofGoodsAndServicesSold": "1394770000", "operatingIncome": "-985318000", "sellingGeneralAndAdministrative": "1320105000", "researchAndDevelopment": "None", "operatingExpenses": "1327168000", "investmentIncomeNet": "None", "netInterestIncome": "192000000", "interestIncome": "232000000", "interestExpense": "40000000", "nonInterestIncome": "1534000000", "otherNonOperatingIncome": "None", "depreciation": "None", "depreciationAndAmortization": "3136000", "incomeBeforeTax": "311000000", "incomeTaxExpense": "192000000", "interestAndDebtExpense": "39431000", "netIncomeFromContinuingOperations": "118842000", "comprehensiveIncomeNetOfTax": "114000000", "ebit": "351000000", "ebitda": "354136000", "netIncome": "119000000"}, {"fiscalDateEnding": "2017-09-30", "reportedCurrency": "USD", "grossProfit": "447568000", "totalRevenue": "1732811000", "costOfRevenue": "1285118000", "costofGoodsAndServicesSold": "1354328000", "operatingIncome": "-846597000", "sellingGeneralAndAdministrative": "1278158000", "researchAndDevelopment": "None", "operatingExpenses": "1294165000", "investmentIncomeNet": "None", "netInterestIncome": "179653000", "interestIncome": "222450000", "interestExpense": "42797000", "nonInterestIncome": "2340400000", "otherNonOperatingIncome": "None", "depreciation": "None", "depreciationAndAmortization": "2510000", "incomeBeforeTax": "278094000", "incomeTaxExpense": "84840000", "interestAndDebtExpense": "80039000", "netIncomeFromContinuingOperations": "193489000", "comprehensiveIncomeNetOfTax": "200531000", "ebit": "320891000", "ebitda": "323401000", "netIncome": "193254000"}, {"fiscalDateEnding": "2017-06-30", "reportedCurrency": "USD", "grossProfit": "309292000", "totalRevenue": "1663107000", "costOfRevenue": "1353815000", "costofGoodsAndServicesSold": "46507000", "operatingIncome": "-955402000", "sellingGeneralAndAdministrative": "1246013000", "researchAndDevelopment": "-148228000", "operatingExpenses": "1264694000", "investmentIncomeNet": "None", "netInterestIncome": "165664000", "interestIncome": "204224000", "interestExpense": "38560000", "nonInterestIncome": "1167421000", "otherNonOperatingIncome": "None", "depreciation": "None", "depreciationAndAmortization": "3019000", "incomeBeforeTax": "275014000", "incomeTaxExpense": "91590000", "interestAndDebtExpense": "38560000", "netIncomeFromContinuingOperations": "183424000", "comprehensiveIncomeNetOfTax": "188848000", "ebit": "313574000", "ebitda": "316593000", "netIncome": "183424000"}, {"fiscalDateEnding": "2017-03-31", "reportedCurrency": "USD", "grossProfit": "190052000", "totalRevenue": "1600314000", "costOfRevenue": "1410262000", "costofGoodsAndServicesSold": "1275345000", "operatingIncome": "-1026885000", "sellingGeneralAndAdministrative": "1200798000", "researchAndDevelopment": "None", "operatingExpenses": "1216937000", "investmentIncomeNet": "None", "netInterestIncome": "155867000", "interestIncome": "192544000", "interestExpense": "36677000", "nonInterestIncome": "1134509000", "otherNonOperatingIncome": "None", "depreciation": "None", "depreciationAndAmortization": "3646000", "incomeBeforeTax": "165513000", "incomeTaxExpense": "52758000", "interestAndDebtExpense": "36677000", "netIncomeFromContinuingOperations": "112755000", "comprehensiveIncomeNetOfTax": "118461000", "ebit": "202190000", "ebitda": "205836000", "netIncome": "112755000"}, {"fiscalDateEnding": "2016-12-31", "reportedCurrency": "USD", "grossProfit": "210464000", "totalRevenue": "1528768000", "costOfRevenue": "1318304000", "costofGoodsAndServicesSold": "1225463000", "operatingIncome": "-974594000", "sellingGeneralAndAdministrative": "1160042000", "researchAndDevelopment": "None", "operatingExpenses": "1185058000", "investmentIncomeNet": "None", "netInterestIncome": "146816000", "interestIncome": "182782000", "interestExpense": "35966000", "nonInterestIncome": "1088952000", "otherNonOperatingIncome": "None", "depreciation": "None", "depreciationAndAmortization": "3583000", "incomeBeforeTax": "206379000", "incomeTaxExpense": "59812000", "interestAndDebtExpense": "35966000", "netIncomeFromContinuingOperations": "146567000", "comprehensiveIncomeNetOfTax": "169160000", "ebit": "242345000", "ebitda": "245928000", "netIncome": "146567000"}]}