{"symbol": "ROL", "annualReports": [{"fiscalDateEnding": "2020-12-31", "reportedCurrency": "USD", "grossProfit": "38440000", "totalRevenue": "2161220000", "costOfRevenue": "2122780000", "costofGoodsAndServicesSold": "1048592000", "operatingIncome": "-772447000", "sellingGeneralAndAdministrative": "656207000", "researchAndDevelopment": "None", "operatingExpenses": "812486000", "investmentIncomeNet": "None", "netInterestIncome": "-5082000", "interestIncome": "-5082000", "interestExpense": "5082000", "nonInterestIncome": "-1599000", "otherNonOperatingIncome": "-1599000", "depreciation": "40623000", "depreciationAndAmortization": "137144000", "incomeBeforeTax": "354720000", "incomeTaxExpense": "93896000", "interestAndDebtExpense": "None", "netIncomeFromContinuingOperations": "260824000", "comprehensiveIncomeNetOfTax": "271036000", "ebit": "-772447000", "ebitda": "-635303000", "netIncome": "260824000"}, {"fiscalDateEnding": "2019-12-31", "reportedCurrency": "USD", "grossProfit": "1021884000", "totalRevenue": "2015477000", "costOfRevenue": "993593000", "costofGoodsAndServicesSold": "993593000", "operatingIncome": "-1136796000", "sellingGeneralAndAdministrative": "623379000", "researchAndDevelopment": "None", "operatingExpenses": "960242000", "investmentIncomeNet": "None", "netInterestIncome": "-6917000", "interestIncome": "-6917000", "interestExpense": "6917000", "nonInterestIncome": "581000", "otherNonOperatingIncome": "581000", "depreciation": "36646000", "depreciationAndAmortization": "124044000", "incomeBeforeTax": "261160000", "incomeTaxExpense": "57813000", "interestAndDebtExpense": "None", "netIncomeFromContinuingOperations": "203347000", "comprehensiveIncomeNetOfTax": "253316000", "ebit": "-1136796000", "ebitda": "-1012752000", "netIncome": "203347000"}, {"fiscalDateEnding": "2018-12-31", "reportedCurrency": "USD", "grossProfit": "927129000", "totalRevenue": "1821565000", "costOfRevenue": "894436000", "costofGoodsAndServicesSold": "894437000", "operatingIncome": "-392365000", "sellingGeneralAndAdministrative": "550698000", "researchAndDevelopment": "None", "operatingExpenses": "664504000", "investmentIncomeNet": "None", "netInterestIncome": "220000", "interestIncome": "220000", "interestExpense": "-220000", "nonInterestIncome": "1822440000", "otherNonOperatingIncome": "875000", "depreciation": "30364000", "depreciationAndAmortization": "101075000", "incomeBeforeTax": "310733000", "incomeTaxExpense": "79070000", "interestAndDebtExpense": "None", "netIncomeFromContinuingOperations": "231663000", "comprehensiveIncomeNetOfTax": "206541000", "ebit": "-392365000", "ebitda": "-291290000", "netIncome": "231663000"}, {"fiscalDateEnding": "2017-12-31", "reportedCurrency": "USD", "grossProfit": "854014000", "totalRevenue": "1673957000", "costOfRevenue": "819943000", "costofGoodsAndServicesSold": "819943000", "operatingIncome": "-329826000", "sellingGeneralAndAdministrative": "503433000", "researchAndDevelopment": "None", "operatingExpenses": "598432000", "investmentIncomeNet": "None", "netInterestIncome": "259000", "interestIncome": "259000", "interestExpense": "-259000", "nonInterestIncome": "242000", "otherNonOperatingIncome": "242000", "depreciation": "27381000", "depreciationAndAmortization": "84733000", "incomeBeforeTax": "294502000", "incomeTaxExpense": "115378000", "interestAndDebtExpense": "None", "netIncomeFromContinuingOperations": "179124000", "comprehensiveIncomeNetOfTax": "203243000", "ebit": "-329826000", "ebitda": "-245093000", "netIncome": "179124000"}, {"fiscalDateEnding": "2016-12-31", "reportedCurrency": "USD", "grossProfit": "801129000", "totalRevenue": "1573477000", "costOfRevenue": "772348000", "costofGoodsAndServicesSold": "772348000", "operatingIncome": "-339115000", "sellingGeneralAndAdministrative": "490528000", "researchAndDevelopment": "None", "operatingExpenses": "577102000", "investmentIncomeNet": "None", "netInterestIncome": "160000", "interestIncome": "160000", "interestExpense": "-160000", "nonInterestIncome": "777000", "otherNonOperatingIncome": "777000", "depreciation": "24725000", "depreciationAndAmortization": "76094000", "incomeBeforeTax": "260636000", "incomeTaxExpense": "93267000", "interestAndDebtExpense": "None", "netIncomeFromContinuingOperations": "167369000", "comprehensiveIncomeNetOfTax": "168472000", "ebit": "-339115000", "ebitda": "-263021000", "netIncome": "167369000"}], "quarterlyReports": [{"fiscalDateEnding": "2021-09-30", "reportedCurrency": "USD", "grossProfit": "150689000", "totalRevenue": "650424000", "costOfRevenue": "499735000", "costofGoodsAndServicesSold": "305474000", "operatingIncome": "-43572000", "sellingGeneralAndAdministrative": "194261000", "researchAndDevelopment": "None", "operatingExpenses": "193814000", "investmentIncomeNet": "None", "netInterestIncome": "-222000", "interestIncome": "-222000", "interestExpense": "222000", "nonInterestIncome": "650646000", "otherNonOperatingIncome": "447000", "depreciation": "None", "depreciationAndAmortization": "23617000", "incomeBeforeTax": "127072000", "incomeTaxExpense": "33219000", "interestAndDebtExpense": "None", "netIncomeFromContinuingOperations": "93853000", "comprehensiveIncomeNetOfTax": "87278000", "ebit": "-43572000", "ebitda": "-19955000", "netIncome": "93853000"}, {"fiscalDateEnding": "2021-06-30", "reportedCurrency": "USD", "grossProfit": "154873000", "totalRevenue": "638204000", "costOfRevenue": "483331000", "costofGoodsAndServicesSold": "297862000", "operatingIncome": "-28609000", "sellingGeneralAndAdministrative": "183482000", "researchAndDevelopment": "None", "operatingExpenses": "182591000", "investmentIncomeNet": "None", "netInterestIncome": "-506000", "interestIncome": "-506000", "interestExpense": "506000", "nonInterestIncome": "891000", "otherNonOperatingIncome": "None", "depreciation": "None", "depreciationAndAmortization": "23306000", "incomeBeforeTax": "133939000", "incomeTaxExpense": "35085000", "interestAndDebtExpense": "None", "netIncomeFromContinuingOperations": "98854000", "comprehensiveIncomeNetOfTax": "99119000", "ebit": "-28609000", "ebitda": "-5303000", "netIncome": "98854000"}, {"fiscalDateEnding": "2021-03-31", "reportedCurrency": "USD", "grossProfit": "85512000", "totalRevenue": "535554000", "costOfRevenue": "450042000", "costofGoodsAndServicesSold": "261552000", "operatingIncome": "-135238000", "sellingGeneralAndAdministrative": "162208000", "researchAndDevelopment": "None", "operatingExpenses": "220750000", "investmentIncomeNet": "None", "netInterestIncome": "-606000", "interestIncome": "-606000", "interestExpense": "606000", "nonInterestIncome": "32260000", "otherNonOperatingIncome": "32260000", "depreciation": "None", "depreciationAndAmortization": "23596000", "incomeBeforeTax": "119852000", "incomeTaxExpense": "27209000", "interestAndDebtExpense": "None", "netIncomeFromContinuingOperations": "92643000", "comprehensiveIncomeNetOfTax": "92385000", "ebit": "-135238000", "ebitda": "-111642000", "netIncome": "92643000"}, {"fiscalDateEnding": "2020-12-31", "reportedCurrency": "USD", "grossProfit": "-228373000", "totalRevenue": "536292000", "costOfRevenue": "764665000", "costofGoodsAndServicesSold": "266344000", "operatingIncome": "-463393000", "sellingGeneralAndAdministrative": "159086000", "researchAndDevelopment": "None", "operatingExpenses": "235990000", "investmentIncomeNet": "None", "netInterestIncome": "-591000", "interestIncome": "-591000", "interestExpense": "591000", "nonInterestIncome": "-1625898000", "otherNonOperatingIncome": "-970000", "depreciation": "None", "depreciationAndAmortization": "71218000", "incomeBeforeTax": "86898000", "incomeTaxExpense": "24279000", "interestAndDebtExpense": "None", "netIncomeFromContinuingOperations": "62619000", "comprehensiveIncomeNetOfTax": "74875000", "ebit": "-463393000", "ebitda": "-392175000", "netIncome": "62619000"}, {"fiscalDateEnding": "2020-09-30", "reportedCurrency": "USD", "grossProfit": "140218000", "totalRevenue": "583698000", "costOfRevenue": "443480000", "costofGoodsAndServicesSold": "275474000", "operatingIncome": "-27788000", "sellingGeneralAndAdministrative": "168006000", "researchAndDevelopment": "None", "operatingExpenses": "169361000", "investmentIncomeNet": "None", "netInterestIncome": "-866000", "interestIncome": "-866000", "interestExpense": "866000", "nonInterestIncome": "582343000", "otherNonOperatingIncome": "-1355000", "depreciation": "None", "depreciationAndAmortization": "22404000", "incomeBeforeTax": "108902000", "incomeTaxExpense": "29323000", "interestAndDebtExpense": "None", "netIncomeFromContinuingOperations": "79579000", "comprehensiveIncomeNetOfTax": "85589000", "ebit": "-27788000", "ebitda": "-5384000", "netIncome": "79579000"}, {"fiscalDateEnding": "2020-06-30", "reportedCurrency": "USD", "grossProfit": "126454000", "totalRevenue": "553329000", "costOfRevenue": "426875000", "costofGoodsAndServicesSold": "255622000", "operatingIncome": "-44799000", "sellingGeneralAndAdministrative": "171253000", "researchAndDevelopment": "None", "operatingExpenses": "170802000", "investmentIncomeNet": "None", "netInterestIncome": "-1460000", "interestIncome": "-1460000", "interestExpense": "1460000", "nonInterestIncome": "553780000", "otherNonOperatingIncome": "451000", "depreciation": "None", "depreciationAndAmortization": "21925000", "incomeBeforeTax": "103520000", "incomeTaxExpense": "28162000", "interestAndDebtExpense": "None", "netIncomeFromContinuingOperations": "75358000", "comprehensiveIncomeNetOfTax": "84906000", "ebit": "-44799000", "ebitda": "-22874000", "netIncome": "75358000"}, {"fiscalDateEnding": "2020-03-31", "reportedCurrency": "USD", "grossProfit": "55003000", "totalRevenue": "487901000", "costOfRevenue": "432898000", "costofGoodsAndServicesSold": "251152000", "operatingIncome": "-126744000", "sellingGeneralAndAdministrative": "157862000", "researchAndDevelopment": "None", "operatingExpenses": "181472000", "investmentIncomeNet": "None", "netInterestIncome": "-2165000", "interestIncome": "-2165000", "interestExpense": "2165000", "nonInterestIncome": "488176000", "otherNonOperatingIncome": "275000", "depreciation": "None", "depreciationAndAmortization": "21597000", "incomeBeforeTax": "55400000", "incomeTaxExpense": "12132000", "interestAndDebtExpense": "None", "netIncomeFromContinuingOperations": "43268000", "comprehensiveIncomeNetOfTax": "25666000", "ebit": "-126744000", "ebitda": "-105147000", "netIncome": "43268000"}, {"fiscalDateEnding": "2019-12-31", "reportedCurrency": "USD", "grossProfit": "251701000", "totalRevenue": "505985000", "costOfRevenue": "254284000", "costofGoodsAndServicesSold": "254284000", "operatingIncome": "251701000", "sellingGeneralAndAdministrative": "154795000", "researchAndDevelopment": "None", "operatingExpenses": "481848000", "investmentIncomeNet": "None", "netInterestIncome": "-2466000", "interestIncome": "-2466000", "interestExpense": "2466000", "nonInterestIncome": "175000", "otherNonOperatingIncome": "175000", "depreciation": "None", "depreciationAndAmortization": "65539000", "incomeBeforeTax": "272945000", "incomeTaxExpense": "21244000", "interestAndDebtExpense": "None", "netIncomeFromContinuingOperations": "251701000", "comprehensiveIncomeNetOfTax": "56402000", "ebit": "251701000", "ebitda": "317240000", "netIncome": "251701000"}, {"fiscalDateEnding": "2019-09-30", "reportedCurrency": "USD", "grossProfit": "287748000", "totalRevenue": "556466000", "costOfRevenue": "268718000", "costofGoodsAndServicesSold": "268718000", "operatingIncome": "-46588000", "sellingGeneralAndAdministrative": "167168000", "researchAndDevelopment": "None", "operatingExpenses": "167195000", "investmentIncomeNet": "None", "netInterestIncome": "-2826000", "interestIncome": "-2826000", "interestExpense": "-2826000", "nonInterestIncome": "-27000", "otherNonOperatingIncome": "None", "depreciation": "None", "depreciationAndAmortization": "21690000", "incomeBeforeTax": "46139000", "incomeTaxExpense": "2078000", "interestAndDebtExpense": "None", "netIncomeFromContinuingOperations": "44061000", "comprehensiveIncomeNetOfTax": "85823000", "ebit": "-46588000", "ebitda": "-24898000", "netIncome": "44061000"}, {"fiscalDateEnding": "2019-06-30", "reportedCurrency": "USD", "grossProfit": "270624000", "totalRevenue": "523957000", "costOfRevenue": "253333000", "costofGoodsAndServicesSold": "253333000", "operatingIncome": "-53148000", "sellingGeneralAndAdministrative": "161886000", "researchAndDevelopment": "None", "operatingExpenses": "161634000", "investmentIncomeNet": "None", "netInterestIncome": "-1899000", "interestIncome": "-1899000", "interestExpense": "1899000", "nonInterestIncome": "252000", "otherNonOperatingIncome": "252000", "depreciation": "None", "depreciationAndAmortization": "20132000", "incomeBeforeTax": "86959000", "incomeTaxExpense": "22664000", "interestAndDebtExpense": "None", "netIncomeFromContinuingOperations": "64295000", "comprehensiveIncomeNetOfTax": "64523000", "ebit": "-53148000", "ebitda": "-33016000", "netIncome": "64295000"}, {"fiscalDateEnding": "2019-03-31", "reportedCurrency": "USD", "grossProfit": "211811000", "totalRevenue": "429069000", "costOfRevenue": "217258000", "costofGoodsAndServicesSold": "217258000", "operatingIncome": "-102297000", "sellingGeneralAndAdministrative": "139530000", "researchAndDevelopment": "None", "operatingExpenses": "157714000", "investmentIncomeNet": "None", "netInterestIncome": "274000", "interestIncome": "274000", "interestExpense": "-274000", "nonInterestIncome": "429159000", "otherNonOperatingIncome": "181000", "depreciation": "None", "depreciationAndAmortization": "16683000", "incomeBeforeTax": "56053000", "incomeTaxExpense": "11827000", "interestAndDebtExpense": "None", "netIncomeFromContinuingOperations": "44226000", "comprehensiveIncomeNetOfTax": "46568000", "ebit": "-102297000", "ebitda": "-85614000", "netIncome": "44226000"}, {"fiscalDateEnding": "2018-12-31", "reportedCurrency": "USD", "grossProfit": "223389000", "totalRevenue": "444623000", "costOfRevenue": "221234000", "costofGoodsAndServicesSold": "221235000", "operatingIncome": "223389000", "sellingGeneralAndAdministrative": "135760000", "researchAndDevelopment": "None", "operatingExpenses": "240735000", "investmentIncomeNet": "None", "netInterestIncome": "290000", "interestIncome": "None", "interestExpense": "-290000", "nonInterestIncome": "445723000", "otherNonOperatingIncome": "197000", "depreciation": "None", "depreciationAndAmortization": "14526000", "incomeBeforeTax": "243893000", "incomeTaxExpense": "20504000", "interestAndDebtExpense": "None", "netIncomeFromContinuingOperations": "223389000", "comprehensiveIncomeNetOfTax": "34527000", "ebit": "223389000", "ebitda": "85998000", "netIncome": "223389000"}, {"fiscalDateEnding": "2018-09-30", "reportedCurrency": "USD", "grossProfit": "251452000", "totalRevenue": "487739000", "costOfRevenue": "236287000", "costofGoodsAndServicesSold": "236287000", "operatingIncome": "-38243000", "sellingGeneralAndAdministrative": "145072000", "researchAndDevelopment": "None", "operatingExpenses": "144758000", "investmentIncomeNet": "None", "netInterestIncome": "63000", "interestIncome": "None", "interestExpense": "-63000", "nonInterestIncome": "487811000", "otherNonOperatingIncome": "314000", "depreciation": "None", "depreciationAndAmortization": "16867000", "incomeBeforeTax": "89890000", "incomeTaxExpense": "23262000", "interestAndDebtExpense": "None", "netIncomeFromContinuingOperations": "66628000", "comprehensiveIncomeNetOfTax": "66017000", "ebit": "-38243000", "ebitda": "106757000", "netIncome": "66628000"}, {"fiscalDateEnding": "2018-06-30", "reportedCurrency": "USD", "grossProfit": "249689000", "totalRevenue": "480461000", "costOfRevenue": "230772000", "costofGoodsAndServicesSold": "230772000", "operatingIncome": "-36636000", "sellingGeneralAndAdministrative": "143379000", "researchAndDevelopment": "None", "operatingExpenses": "143071000", "investmentIncomeNet": "None", "netInterestIncome": "-75000", "interestIncome": "None", "interestExpense": "75000", "nonInterestIncome": "480661000", "otherNonOperatingIncome": "308000", "depreciation": "None", "depreciationAndAmortization": "16366000", "incomeBeforeTax": "90177000", "incomeTaxExpense": "24635000", "interestAndDebtExpense": "None", "netIncomeFromContinuingOperations": "65542000", "comprehensiveIncomeNetOfTax": "60424000", "ebit": "-36636000", "ebitda": "106543000", "netIncome": "65542000"}, {"fiscalDateEnding": "2018-03-31", "reportedCurrency": "USD", "grossProfit": "202599000", "totalRevenue": "408742000", "costOfRevenue": "206143000", "costofGoodsAndServicesSold": "206143000", "operatingIncome": "357580000", "sellingGeneralAndAdministrative": "126487000", "researchAndDevelopment": "None", "operatingExpenses": "127363000", "investmentIncomeNet": "None", "netInterestIncome": "-58000", "interestIncome": "None", "interestExpense": "58000", "nonInterestIncome": "408889000", "otherNonOperatingIncome": "56000", "depreciation": "None", "depreciationAndAmortization": "16916000", "incomeBeforeTax": "59194000", "incomeTaxExpense": "10669000", "interestAndDebtExpense": "None", "netIncomeFromContinuingOperations": "48525000", "comprehensiveIncomeNetOfTax": "45573000", "ebit": "357580000", "ebitda": "374496000", "netIncome": "48525000"}, {"fiscalDateEnding": "2017-12-31", "reportedCurrency": "USD", "grossProfit": "207194000", "totalRevenue": "414713000", "costOfRevenue": "207519000", "costofGoodsAndServicesSold": "207519000", "operatingIncome": "207194000", "sellingGeneralAndAdministrative": "123680000", "researchAndDevelopment": "None", "operatingExpenses": "211636000", "investmentIncomeNet": "None", "netInterestIncome": "-83000", "interestIncome": "None", "interestExpense": "83000", "nonInterestIncome": "590000", "otherNonOperatingIncome": "62000", "depreciation": "None", "depreciationAndAmortization": "13903000", "incomeBeforeTax": "242003000", "incomeTaxExpense": "34809000", "interestAndDebtExpense": "None", "netIncomeFromContinuingOperations": "207194000", "comprehensiveIncomeNetOfTax": "47380000", "ebit": "207194000", "ebitda": "82447000", "netIncome": "207194000"}, {"fiscalDateEnding": "2017-09-30", "reportedCurrency": "USD", "grossProfit": "231661000", "totalRevenue": "450442000", "costOfRevenue": "218781000", "costofGoodsAndServicesSold": "218781000", "operatingIncome": "-38293000", "sellingGeneralAndAdministrative": "134932000", "researchAndDevelopment": "None", "operatingExpenses": "134866000", "investmentIncomeNet": "None", "netInterestIncome": "79000", "interestIncome": "None", "interestExpense": "-79000", "nonInterestIncome": "-235000", "otherNonOperatingIncome": "66000", "depreciation": "None", "depreciationAndAmortization": "14313000", "incomeBeforeTax": "82561000", "incomeTaxExpense": "31131000", "interestAndDebtExpense": "None", "netIncomeFromContinuingOperations": "51430000", "comprehensiveIncomeNetOfTax": "55515000", "ebit": "-38293000", "ebitda": "96874000", "netIncome": "51430000"}, {"fiscalDateEnding": "2017-06-30", "reportedCurrency": "USD", "grossProfit": "229075000", "totalRevenue": "433555000", "costOfRevenue": "204480000", "costofGoodsAndServicesSold": "204480000", "operatingIncome": "-30247000", "sellingGeneralAndAdministrative": "129667000", "researchAndDevelopment": "None", "operatingExpenses": "129579000", "investmentIncomeNet": "None", "netInterestIncome": "190000", "interestIncome": "None", "interestExpense": "-190000", "nonInterestIncome": "-266000", "otherNonOperatingIncome": "88000", "depreciation": "None", "depreciationAndAmortization": "13546000", "incomeBeforeTax": "86139000", "incomeTaxExpense": "32450000", "interestAndDebtExpense": "None", "netIncomeFromContinuingOperations": "53689000", "comprehensiveIncomeNetOfTax": "56071000", "ebit": "-30247000", "ebitda": "99685000", "netIncome": "53689000"}, {"fiscalDateEnding": "2017-03-31", "reportedCurrency": "USD", "grossProfit": "186084000", "totalRevenue": "375247000", "costOfRevenue": "189163000", "costofGoodsAndServicesSold": "189163000", "operatingIncome": "-44156000", "sellingGeneralAndAdministrative": "115154000", "researchAndDevelopment": "None", "operatingExpenses": "115189000", "investmentIncomeNet": "None", "netInterestIncome": "73000", "interestIncome": "None", "interestExpense": "-73000", "nonInterestIncome": "30000", "otherNonOperatingIncome": "26000", "depreciation": "None", "depreciationAndAmortization": "13771000", "incomeBeforeTax": "57258000", "incomeTaxExpense": "16988000", "interestAndDebtExpense": "None", "netIncomeFromContinuingOperations": "40270000", "comprehensiveIncomeNetOfTax": "44277000", "ebit": "-44156000", "ebitda": "71029000", "netIncome": "40270000"}, {"fiscalDateEnding": "2016-12-31", "reportedCurrency": "USD", "grossProfit": "192619000", "totalRevenue": "385970000", "costOfRevenue": "396300000", "costofGoodsAndServicesSold": "192995000", "operatingIncome": "192619000", "sellingGeneralAndAdministrative": "126321000", "researchAndDevelopment": "None", "operatingExpenses": "205295000", "investmentIncomeNet": "None", "netInterestIncome": "4000", "interestIncome": "None", "interestExpense": "-4000", "nonInterestIncome": "1289000", "otherNonOperatingIncome": "57000", "depreciation": "None", "depreciationAndAmortization": "12821000", "incomeBeforeTax": "207142000", "incomeTaxExpense": "14523000", "interestAndDebtExpense": "None", "netIncomeFromContinuingOperations": "192619000", "comprehensiveIncomeNetOfTax": "34688000", "ebit": "192619000", "ebitda": "65351000", "netIncome": "192619000"}]}