{"symbol": "SCHW", "annualReports": [{"fiscalDateEnding": "2020-12-31", "reportedCurrency": "USD", "grossProfit": "4290000000", "totalRevenue": "11691000000", "costOfRevenue": "7401000000", "costofGoodsAndServicesSold": "None", "operatingIncome": "1030000000", "sellingGeneralAndAdministrative": "2225000000", "researchAndDevelopment": "None", "operatingExpenses": "2815000000", "investmentIncomeNet": "None", "netInterestIncome": "6113000000", "interestIncome": "6531000000", "interestExpense": "418000000", "nonInterestIncome": "None", "otherNonOperatingIncome": "None", "depreciation": "None", "depreciationAndAmortization": "414000000", "incomeBeforeTax": "4300000000", "incomeTaxExpense": "1001000000", "interestAndDebtExpense": "418000000", "netIncomeFromContinuingOperations": "3299000000", "comprehensiveIncomeNetOfTax": "8605000000", "ebit": "4718000000", "ebitda": "5132000000", "netIncome": "3299000000"}, {"fiscalDateEnding": "2019-12-31", "reportedCurrency": "USD", "grossProfit": "4853000000", "totalRevenue": "10721000000", "costOfRevenue": "5868000000", "costofGoodsAndServicesSold": "1064000000", "operatingIncome": "2422000000", "sellingGeneralAndAdministrative": "1821000000", "researchAndDevelopment": "None", "operatingExpenses": "2170000000", "investmentIncomeNet": "None", "netInterestIncome": "6516000000", "interestIncome": "7580000000", "interestExpense": "1064000000", "nonInterestIncome": "None", "otherNonOperatingIncome": "None", "depreciation": "322000000", "depreciationAndAmortization": "322000000", "incomeBeforeTax": "4848000000", "incomeTaxExpense": "1144000000", "interestAndDebtExpense": "1064000000", "netIncomeFromContinuingOperations": "3704000000", "comprehensiveIncomeNetOfTax": "4044000000", "ebit": "5912000000", "ebitda": "6234000000", "netIncome": "3704000000"}, {"fiscalDateEnding": "2018-12-31", "reportedCurrency": "USD", "grossProfit": "4568000000", "totalRevenue": "10132000000", "costOfRevenue": "5564000000", "costofGoodsAndServicesSold": "857000000", "operatingIncome": "2098000000", "sellingGeneralAndAdministrative": "1851000000", "researchAndDevelopment": "None", "operatingExpenses": "2157000000", "investmentIncomeNet": "None", "netInterestIncome": "5823000000", "interestIncome": "6680000000", "interestExpense": "857000000", "nonInterestIncome": "None", "otherNonOperatingIncome": "None", "depreciation": "277000000", "depreciationAndAmortization": "277000000", "incomeBeforeTax": "4562000000", "incomeTaxExpense": "1055000000", "interestAndDebtExpense": "857000000", "netIncomeFromContinuingOperations": "3507000000", "comprehensiveIncomeNetOfTax": "3440000000", "ebit": "5419000000", "ebitda": "5696000000", "netIncome": "3507000000"}, {"fiscalDateEnding": "2017-12-31", "reportedCurrency": "USD", "grossProfit": "3650000000", "totalRevenue": "8618000000", "costOfRevenue": "4968000000", "costofGoodsAndServicesSold": "342000000", "operatingIncome": "-1275000000", "sellingGeneralAndAdministrative": "4388000000", "researchAndDevelopment": "None", "operatingExpenses": "4657000000", "investmentIncomeNet": "None", "netInterestIncome": "4282000000", "interestIncome": "4624000000", "interestExpense": "342000000", "nonInterestIncome": "3392000000", "otherNonOperatingIncome": "None", "depreciation": "232000000", "depreciationAndAmortization": "269000000", "incomeBeforeTax": "3650000000", "incomeTaxExpense": "1296000000", "interestAndDebtExpense": "342000000", "netIncomeFromContinuingOperations": "2354000000", "comprehensiveIncomeNetOfTax": "2365000000", "ebit": "3992000000", "ebitda": "4261000000", "netIncome": "2354000000"}, {"fiscalDateEnding": "2016-12-31", "reportedCurrency": "USD", "grossProfit": "2998000000", "totalRevenue": "7478000000", "costOfRevenue": "4480000000", "costofGoodsAndServicesSold": "171000000", "operatingIncome": "-1610000000", "sellingGeneralAndAdministrative": "3995000000", "researchAndDevelopment": "None", "operatingExpenses": "4229000000", "investmentIncomeNet": "None", "netInterestIncome": "3322000000", "interestIncome": "3493000000", "interestExpense": "171000000", "nonInterestIncome": "3055000000", "otherNonOperatingIncome": "None", "depreciation": "197000000", "depreciationAndAmortization": "234000000", "incomeBeforeTax": "2993000000", "incomeTaxExpense": "1104000000", "interestAndDebtExpense": "171000000", "netIncomeFromContinuingOperations": "1889000000", "comprehensiveIncomeNetOfTax": "1860000000", "ebit": "3164000000", "ebitda": "3398000000", "netIncome": "1889000000"}], "quarterlyReports": [{"fiscalDateEnding": "2021-09-30", "reportedCurrency": "USD", "grossProfit": "2011000000", "totalRevenue": "4570000000", "costOfRevenue": "2559000000", "costofGoodsAndServicesSold": "None", "operatingIncome": "952000000", "sellingGeneralAndAdministrative": "759000000", "researchAndDevelopment": "None", "operatingExpenses": "919000000", "investmentIncomeNet": "None", "netInterestIncome": "2030000000", "interestIncome": "2153000000", "interestExpense": "123000000", "nonInterestIncome": "None", "otherNonOperatingIncome": "None", "depreciation": "None", "depreciationAndAmortization": "153000000", "incomeBeforeTax": "2011000000", "incomeTaxExpense": "485000000", "interestAndDebtExpense": "123000000", "netIncomeFromContinuingOperations": "1526000000", "comprehensiveIncomeNetOfTax": "371000000", "ebit": "2134000000", "ebitda": "2287000000", "netIncome": "1526000000"}, {"fiscalDateEnding": "2021-06-30", "reportedCurrency": "USD", "grossProfit": "1724000000", "totalRevenue": "4527000000", "costOfRevenue": "2803000000", "costofGoodsAndServicesSold": "None", "operatingIncome": "391000000", "sellingGeneralAndAdministrative": "780000000", "researchAndDevelopment": "None", "operatingExpenses": "978000000", "investmentIncomeNet": "None", "netInterestIncome": "1947000000", "interestIncome": "2068000000", "interestExpense": "121000000", "nonInterestIncome": "None", "otherNonOperatingIncome": "None", "depreciation": "None", "depreciationAndAmortization": "154000000", "incomeBeforeTax": "1719000000", "incomeTaxExpense": "454000000", "interestAndDebtExpense": "121000000", "netIncomeFromContinuingOperations": "1265000000", "comprehensiveIncomeNetOfTax": "2795000000", "ebit": "1840000000", "ebitda": "1994000000", "netIncome": "1265000000"}, {"fiscalDateEnding": "2021-03-31", "reportedCurrency": "USD", "grossProfit": "1972000000", "totalRevenue": "4715000000", "costOfRevenue": "2743000000", "costofGoodsAndServicesSold": "None", "operatingIncome": "826000000", "sellingGeneralAndAdministrative": "726000000", "researchAndDevelopment": "None", "operatingExpenses": "908000000", "investmentIncomeNet": "None", "netInterestIncome": "1911000000", "interestIncome": "2015000000", "interestExpense": "104000000", "nonInterestIncome": "None", "otherNonOperatingIncome": "None", "depreciation": "None", "depreciationAndAmortization": "154000000", "incomeBeforeTax": "1960000000", "incomeTaxExpense": "476000000", "interestAndDebtExpense": "104000000", "netIncomeFromContinuingOperations": "1484000000", "comprehensiveIncomeNetOfTax": "-3032000000", "ebit": "2064000000", "ebitda": "2218000000", "netIncome": "1484000000"}, {"fiscalDateEnding": "2020-12-31", "reportedCurrency": "USD", "grossProfit": "1476000000", "totalRevenue": "4176000000", "costOfRevenue": "2700000000", "costofGoodsAndServicesSold": "None", "operatingIncome": "1476000000", "sellingGeneralAndAdministrative": "773000000", "researchAndDevelopment": "None", "operatingExpenses": "1320000000", "investmentIncomeNet": "None", "netInterestIncome": "1809000000", "interestIncome": "1905000000", "interestExpense": "96000000", "nonInterestIncome": "None", "otherNonOperatingIncome": "None", "depreciation": "None", "depreciationAndAmortization": "371000000", "incomeBeforeTax": "1476000000", "incomeTaxExpense": "341000000", "interestAndDebtExpense": "96000000", "netIncomeFromContinuingOperations": "-1224000000", "comprehensiveIncomeNetOfTax": "843000000", "ebit": "1572000000", "ebitda": "1943000000", "netIncome": "1135000000"}, {"fiscalDateEnding": "2020-09-30", "reportedCurrency": "USD", "grossProfit": "889000000", "totalRevenue": "2448000000", "costOfRevenue": "1559000000", "costofGoodsAndServicesSold": "None", "operatingIncome": "303000000", "sellingGeneralAndAdministrative": "488000000", "researchAndDevelopment": "None", "operatingExpenses": "513000000", "investmentIncomeNet": "None", "netInterestIncome": "1343000000", "interestIncome": "1432000000", "interestExpense": "89000000", "nonInterestIncome": "None", "otherNonOperatingIncome": "None", "depreciation": "None", "depreciationAndAmortization": "25000000", "incomeBeforeTax": "889000000", "incomeTaxExpense": "191000000", "interestAndDebtExpense": "89000000", "netIncomeFromContinuingOperations": "698000000", "comprehensiveIncomeNetOfTax": "773000000", "ebit": "978000000", "ebitda": "1003000000", "netIncome": "698000000"}, {"fiscalDateEnding": "2020-06-30", "reportedCurrency": "USD", "grossProfit": "888000000", "totalRevenue": "2450000000", "costOfRevenue": "1562000000", "costofGoodsAndServicesSold": "None", "operatingIncome": "181000000", "sellingGeneralAndAdministrative": "498000000", "researchAndDevelopment": "None", "operatingExpenses": "607000000", "investmentIncomeNet": "None", "netInterestIncome": "1389000000", "interestIncome": "1486000000", "interestExpense": "97000000", "nonInterestIncome": "None", "otherNonOperatingIncome": "None", "depreciation": "None", "depreciationAndAmortization": "109000000", "incomeBeforeTax": "888000000", "incomeTaxExpense": "217000000", "interestAndDebtExpense": "97000000", "netIncomeFromContinuingOperations": "671000000", "comprehensiveIncomeNetOfTax": "2287000000", "ebit": "985000000", "ebitda": "1094000000", "netIncome": "671000000"}, {"fiscalDateEnding": "2020-03-31", "reportedCurrency": "USD", "grossProfit": "1037000000", "totalRevenue": "2617000000", "costOfRevenue": "1580000000", "costofGoodsAndServicesSold": "136000000", "operatingIncome": "398000000", "sellingGeneralAndAdministrative": "466000000", "researchAndDevelopment": "None", "operatingExpenses": "562000000", "investmentIncomeNet": "None", "netInterestIncome": "1572000000", "interestIncome": "1708000000", "interestExpense": "136000000", "nonInterestIncome": "None", "otherNonOperatingIncome": "None", "depreciation": "None", "depreciationAndAmortization": "96000000", "incomeBeforeTax": "1047000000", "incomeTaxExpense": "252000000", "interestAndDebtExpense": "136000000", "netIncomeFromContinuingOperations": "795000000", "comprehensiveIncomeNetOfTax": "4702000000", "ebit": "1183000000", "ebitda": "1279000000", "netIncome": "795000000"}, {"fiscalDateEnding": "2019-12-31", "reportedCurrency": "USD", "grossProfit": "1112000000", "totalRevenue": "2606000000", "costOfRevenue": "1494000000", "costofGoodsAndServicesSold": "168000000", "operatingIncome": "1112000000", "sellingGeneralAndAdministrative": "493000000", "researchAndDevelopment": "None", "operatingExpenses": "587000000", "investmentIncomeNet": "None", "netInterestIncome": "1595000000", "interestIncome": "1763000000", "interestExpense": "168000000", "nonInterestIncome": "None", "otherNonOperatingIncome": "None", "depreciation": "None", "depreciationAndAmortization": "67000000", "incomeBeforeTax": "1112000000", "incomeTaxExpense": "260000000", "interestAndDebtExpense": "168000000", "netIncomeFromContinuingOperations": "-382000000", "comprehensiveIncomeNetOfTax": "796000000", "ebit": "1280000000", "ebitda": "1347000000", "netIncome": "852000000"}, {"fiscalDateEnding": "2019-09-30", "reportedCurrency": "USD", "grossProfit": "1238000000", "totalRevenue": "2711000000", "costOfRevenue": "1473000000", "costofGoodsAndServicesSold": "261000000", "operatingIncome": "650000000", "sellingGeneralAndAdministrative": "446000000", "researchAndDevelopment": "None", "operatingExpenses": "534000000", "investmentIncomeNet": "None", "netInterestIncome": "1631000000", "interestIncome": "1892000000", "interestExpense": "261000000", "nonInterestIncome": "None", "otherNonOperatingIncome": "None", "depreciation": "None", "depreciationAndAmortization": "88000000", "incomeBeforeTax": "1236000000", "incomeTaxExpense": "285000000", "interestAndDebtExpense": "261000000", "netIncomeFromContinuingOperations": "951000000", "comprehensiveIncomeNetOfTax": "996000000", "ebit": "1497000000", "ebitda": "1585000000", "netIncome": "951000000"}, {"fiscalDateEnding": "2019-06-30", "reportedCurrency": "USD", "grossProfit": "1239000000", "totalRevenue": "2681000000", "costOfRevenue": "1442000000", "costofGoodsAndServicesSold": "318000000", "operatingIncome": "631000000", "sellingGeneralAndAdministrative": "450000000", "researchAndDevelopment": "None", "operatingExpenses": "534000000", "investmentIncomeNet": "None", "netInterestIncome": "1609000000", "interestIncome": "1927000000", "interestExpense": "318000000", "nonInterestIncome": "None", "otherNonOperatingIncome": "None", "depreciation": "None", "depreciationAndAmortization": "84000000", "incomeBeforeTax": "1236000000", "incomeTaxExpense": "299000000", "interestAndDebtExpense": "318000000", "netIncomeFromContinuingOperations": "937000000", "comprehensiveIncomeNetOfTax": "1107000000", "ebit": "1554000000", "ebitda": "1638000000", "netIncome": "937000000"}, {"fiscalDateEnding": "2019-03-31", "reportedCurrency": "USD", "grossProfit": "1265000000", "totalRevenue": "2723000000", "costOfRevenue": "1458000000", "costofGoodsAndServicesSold": "62000000", "operatingIncome": "688000000", "sellingGeneralAndAdministrative": "432000000", "researchAndDevelopment": "None", "operatingExpenses": "515000000", "investmentIncomeNet": "None", "netInterestIncome": "1681000000", "interestIncome": "1998000000", "interestExpense": "317000000", "nonInterestIncome": "None", "otherNonOperatingIncome": "None", "depreciation": "None", "depreciationAndAmortization": "83000000", "incomeBeforeTax": "1264000000", "incomeTaxExpense": "300000000", "interestAndDebtExpense": "317000000", "netIncomeFromContinuingOperations": "964000000", "comprehensiveIncomeNetOfTax": "1145000000", "ebit": "1581000000", "ebitda": "1664000000", "netIncome": "964000000"}, {"fiscalDateEnding": "2018-12-31", "reportedCurrency": "USD", "grossProfit": "1210000000", "totalRevenue": "2669000000", "costOfRevenue": "1459000000", "costofGoodsAndServicesSold": "63000000", "operatingIncome": "1210000000", "sellingGeneralAndAdministrative": "-1644000000", "researchAndDevelopment": "None", "operatingExpenses": "-1564000000", "investmentIncomeNet": "None", "netInterestIncome": "1626000000", "interestIncome": "1914000000", "interestExpense": "288000000", "nonInterestIncome": "None", "otherNonOperatingIncome": "None", "depreciation": "None", "depreciationAndAmortization": "51000000", "incomeBeforeTax": "1210000000", "incomeTaxExpense": "275000000", "interestAndDebtExpense": "288000000", "netIncomeFromContinuingOperations": "-249000000", "comprehensiveIncomeNetOfTax": "987000000", "ebit": "1498000000", "ebitda": "1549000000", "netIncome": "935000000"}, {"fiscalDateEnding": "2018-09-30", "reportedCurrency": "USD", "grossProfit": "1220000000", "totalRevenue": "2579000000", "costOfRevenue": "1359000000", "costofGoodsAndServicesSold": "59000000", "operatingIncome": "-83000000", "sellingGeneralAndAdministrative": "1154000000", "researchAndDevelopment": "None", "operatingExpenses": "1232000000", "investmentIncomeNet": "None", "netInterestIncome": "1527000000", "interestIncome": "1755000000", "interestExpense": "228000000", "nonInterestIncome": "809000000", "otherNonOperatingIncome": "None", "depreciation": "None", "depreciationAndAmortization": "78000000", "incomeBeforeTax": "1219000000", "incomeTaxExpense": "296000000", "interestAndDebtExpense": "228000000", "netIncomeFromContinuingOperations": "923000000", "comprehensiveIncomeNetOfTax": "897000000", "ebit": "1447000000", "ebitda": "1525000000", "netIncome": "923000000"}, {"fiscalDateEnding": "2018-06-30", "reportedCurrency": "USD", "grossProfit": "1132000000", "totalRevenue": "2486000000", "costOfRevenue": "1354000000", "costofGoodsAndServicesSold": "58000000", "operatingIncome": "-173000000", "sellingGeneralAndAdministrative": "1158000000", "researchAndDevelopment": "None", "operatingExpenses": "1233000000", "investmentIncomeNet": "None", "netInterestIncome": "1407000000", "interestIncome": "1590000000", "interestExpense": "183000000", "nonInterestIncome": "814000000", "otherNonOperatingIncome": "None", "depreciation": "None", "depreciationAndAmortization": "75000000", "incomeBeforeTax": "1131000000", "incomeTaxExpense": "265000000", "interestAndDebtExpense": "183000000", "netIncomeFromContinuingOperations": "866000000", "comprehensiveIncomeNetOfTax": "848000000", "ebit": "1314000000", "ebitda": "1389000000", "netIncome": "866000000"}, {"fiscalDateEnding": "2018-03-31", "reportedCurrency": "USD", "grossProfit": "1001000000", "totalRevenue": "2398000000", "costOfRevenue": "1397000000", "costofGoodsAndServicesSold": "1394000000", "operatingIncome": "-344000000", "sellingGeneralAndAdministrative": "1183000000", "researchAndDevelopment": "None", "operatingExpenses": "1256000000", "investmentIncomeNet": "None", "netInterestIncome": "1263000000", "interestIncome": "1421000000", "interestExpense": "158000000", "nonInterestIncome": "851000000", "otherNonOperatingIncome": "None", "depreciation": "None", "depreciationAndAmortization": "73000000", "incomeBeforeTax": "1002000000", "incomeTaxExpense": "219000000", "interestAndDebtExpense": "158000000", "netIncomeFromContinuingOperations": "783000000", "comprehensiveIncomeNetOfTax": "708000000", "ebit": "1160000000", "ebitda": "1233000000", "netIncome": "783000000"}, {"fiscalDateEnding": "2017-12-31", "reportedCurrency": "USD", "grossProfit": "953000000", "totalRevenue": "2242000000", "costOfRevenue": "1289000000", "costofGoodsAndServicesSold": "1275000000", "operatingIncome": "953000000", "sellingGeneralAndAdministrative": "1234000000", "researchAndDevelopment": "None", "operatingExpenses": "1303000000", "investmentIncomeNet": "None", "netInterestIncome": "1147000000", "interestIncome": "1266000000", "interestExpense": "119000000", "nonInterestIncome": "863000000", "otherNonOperatingIncome": "None", "depreciation": "None", "depreciationAndAmortization": "69000000", "incomeBeforeTax": "953000000", "incomeTaxExpense": "356000000", "interestAndDebtExpense": "119000000", "netIncomeFromContinuingOperations": "-336000000", "comprehensiveIncomeNetOfTax": "551000000", "ebit": "1072000000", "ebitda": "1141000000", "netIncome": "597000000"}, {"fiscalDateEnding": "2017-09-30", "reportedCurrency": "USD", "grossProfit": "945000000", "totalRevenue": "2165000000", "costOfRevenue": "1220000000", "costofGoodsAndServicesSold": "1206000000", "operatingIncome": "-275000000", "sellingGeneralAndAdministrative": "1044000000", "researchAndDevelopment": "None", "operatingExpenses": "1113000000", "investmentIncomeNet": "None", "netInterestIncome": "1082000000", "interestIncome": "1176000000", "interestExpense": "94000000", "nonInterestIncome": "861000000", "otherNonOperatingIncome": "None", "depreciation": "None", "depreciationAndAmortization": "69000000", "incomeBeforeTax": "945000000", "incomeTaxExpense": "327000000", "interestAndDebtExpense": "94000000", "netIncomeFromContinuingOperations": "618000000", "comprehensiveIncomeNetOfTax": "624000000", "ebit": "1039000000", "ebitda": "1108000000", "netIncome": "618000000"}, {"fiscalDateEnding": "2017-06-30", "reportedCurrency": "USD", "grossProfit": "909000000", "totalRevenue": "2130000000", "costOfRevenue": "1221000000", "costofGoodsAndServicesSold": "1188000000", "operatingIncome": "-312000000", "sellingGeneralAndAdministrative": "1043000000", "researchAndDevelopment": "None", "operatingExpenses": "1109000000", "investmentIncomeNet": "None", "netInterestIncome": "1053000000", "interestIncome": "1127000000", "interestExpense": "74000000", "nonInterestIncome": "845000000", "otherNonOperatingIncome": "None", "depreciation": "None", "depreciationAndAmortization": "66000000", "incomeBeforeTax": "909000000", "incomeTaxExpense": "334000000", "interestAndDebtExpense": "74000000", "netIncomeFromContinuingOperations": "575000000", "comprehensiveIncomeNetOfTax": "595000000", "ebit": "983000000", "ebitda": "1049000000", "netIncome": "575000000"}, {"fiscalDateEnding": "2017-03-31", "reportedCurrency": "USD", "grossProfit": "843000000", "totalRevenue": "2081000000", "costOfRevenue": "1238000000", "costofGoodsAndServicesSold": "1194000000", "operatingIncome": "-395000000", "sellingGeneralAndAdministrative": "1067000000", "researchAndDevelopment": "None", "operatingExpenses": "1132000000", "investmentIncomeNet": "None", "netInterestIncome": "1000000000", "interestIncome": "1055000000", "interestExpense": "55000000", "nonInterestIncome": "823000000", "otherNonOperatingIncome": "None", "depreciation": "None", "depreciationAndAmortization": "65000000", "incomeBeforeTax": "843000000", "incomeTaxExpense": "279000000", "interestAndDebtExpense": "55000000", "netIncomeFromContinuingOperations": "564000000", "comprehensiveIncomeNetOfTax": "595000000", "ebit": "898000000", "ebitda": "963000000", "netIncome": "564000000"}, {"fiscalDateEnding": "2016-12-31", "reportedCurrency": "USD", "grossProfit": "824000000", "totalRevenue": "1972000000", "costOfRevenue": "1148000000", "costofGoodsAndServicesSold": "1099000000", "operatingIncome": "824000000", "sellingGeneralAndAdministrative": "1104000000", "researchAndDevelopment": "None", "operatingExpenses": "1165000000", "investmentIncomeNet": "None", "netInterestIncome": "907000000", "interestIncome": "952000000", "interestExpense": "45000000", "nonInterestIncome": "801000000", "otherNonOperatingIncome": "None", "depreciation": "None", "depreciationAndAmortization": "61000000", "incomeBeforeTax": "824000000", "incomeTaxExpense": "302000000", "interestAndDebtExpense": "45000000", "netIncomeFromContinuingOperations": "-324000000", "comprehensiveIncomeNetOfTax": "328000000", "ebit": "869000000", "ebitda": "930000000", "netIncome": "522000000"}]}