{"symbol": "SIVB", "annualReports": [{"fiscalDateEnding": "2020-12-31", "reportedCurrency": "USD", "grossProfit": "2374582000", "totalRevenue": "4629133000", "costOfRevenue": "2254551000", "costofGoodsAndServicesSold": "None", "operatingIncome": "1848344000", "sellingGeneralAndAdministrative": "443268000", "researchAndDevelopment": "None", "operatingExpenses": "526238000", "investmentIncomeNet": "None", "netInterestIncome": "2156284000", "interestIncome": "2241610000", "interestExpense": "85326000", "nonInterestIncome": "1840148000", "otherNonOperatingIncome": "None", "depreciation": "None", "depreciationAndAmortization": "52800000", "incomeBeforeTax": "1655955000", "incomeTaxExpense": "447587000", "interestAndDebtExpense": "85326000", "netIncomeFromContinuingOperations": "1294294000", "comprehensiveIncomeNetOfTax": "1746440000", "ebit": "1741281000", "ebitda": "1794081000", "netIncome": "1208368000"}, {"fiscalDateEnding": "2019-12-31", "reportedCurrency": "USD", "grossProfit": "1564824000", "totalRevenue": "3272502000", "costOfRevenue": "1707678000", "costofGoodsAndServicesSold": "None", "operatingIncome": "1176203000", "sellingGeneralAndAdministrative": "341402000", "researchAndDevelopment": "None", "operatingExpenses": "397580000", "investmentIncomeNet": "None", "netInterestIncome": "2096601000", "interestIncome": "2309408000", "interestExpense": "212807000", "nonInterestIncome": "1221479000", "otherNonOperatingIncome": "None", "depreciation": "None", "depreciationAndAmortization": "42000000", "incomeBeforeTax": "1562541000", "incomeTaxExpense": "425685000", "interestAndDebtExpense": "221767000", "netIncomeFromContinuingOperations": "1184717000", "comprehensiveIncomeNetOfTax": "1275421000", "ebit": "1775348000", "ebitda": "1817348000", "netIncome": "1136856000"}, {"fiscalDateEnding": "2018-12-31", "reportedCurrency": "USD", "grossProfit": "1301136000", "totalRevenue": "2577199000", "costOfRevenue": "1276063000", "costofGoodsAndServicesSold": "163791000", "operatingIncome": "984556000", "sellingGeneralAndAdministrative": "271202000", "researchAndDevelopment": "None", "operatingExpenses": "316580000", "investmentIncomeNet": "None", "netInterestIncome": "1893988000", "interestIncome": "1969909000", "interestExpense": "75921000", "nonInterestIncome": "744984000", "otherNonOperatingIncome": "None", "depreciation": "None", "depreciationAndAmortization": "38100000", "incomeBeforeTax": "1325401000", "incomeTaxExpense": "351561000", "interestAndDebtExpense": "75921000", "netIncomeFromContinuingOperations": "1011348000", "comprehensiveIncomeNetOfTax": "921192000", "ebit": "1401322000", "ebitda": "1439422000", "netIncome": "973840000"}, {"fiscalDateEnding": "2017-12-31", "reportedCurrency": "USD", "grossProfit": "782337000", "totalRevenue": "1885296000", "costOfRevenue": "1102959000", "costofGoodsAndServicesSold": "137075000", "operatingIncome": "-87392000", "sellingGeneralAndAdministrative": "831729000", "researchAndDevelopment": "None", "operatingExpenses": "864605000", "investmentIncomeNet": "None", "netInterestIncome": "1420369000", "interestIncome": "1465140000", "interestExpense": "44771000", "nonInterestIncome": "557231000", "otherNonOperatingIncome": "None", "depreciation": "None", "depreciationAndAmortization": "38000000", "incomeBeforeTax": "845969000", "incomeTaxExpense": "355463000", "interestAndDebtExpense": "44771000", "netIncomeFromContinuingOperations": "519178000", "comprehensiveIncomeNetOfTax": "465604000", "ebit": "890740000", "ebitda": "928740000", "netIncome": "490506000"}, {"fiscalDateEnding": "2016-12-31", "reportedCurrency": "USD", "grossProfit": "544902000", "totalRevenue": "1511378000", "costOfRevenue": "966476000", "costofGoodsAndServicesSold": "138570000", "operatingIncome": "-184636000", "sellingGeneralAndAdministrative": "695638000", "researchAndDevelopment": "None", "operatingExpenses": "729538000", "investmentIncomeNet": "None", "netInterestIncome": "1150523000", "interestIncome": "1193396000", "interestExpense": "42873000", "nonInterestIncome": "456552000", "otherNonOperatingIncome": "None", "depreciation": "None", "depreciationAndAmortization": "33900000", "incomeBeforeTax": "633018000", "incomeTaxExpense": "250333000", "interestAndDebtExpense": "42873000", "netIncomeFromContinuingOperations": "390266000", "comprehensiveIncomeNetOfTax": "390711000", "ebit": "675891000", "ebitda": "709791000", "netIncome": "382685000"}], "quarterlyReports": [{"fiscalDateEnding": "2021-09-30", "reportedCurrency": "USD", "grossProfit": "977000000", "totalRevenue": "1877000000", "costOfRevenue": "900000000", "costofGoodsAndServicesSold": "None", "operatingIncome": "765000000", "sellingGeneralAndAdministrative": "129000000", "researchAndDevelopment": "None", "operatingExpenses": "212000000", "investmentIncomeNet": "None", "netInterestIncome": "852000000", "interestIncome": "884000000", "interestExpense": "32000000", "nonInterestIncome": "672000000", "otherNonOperatingIncome": "None", "depreciation": "None", "depreciationAndAmortization": "5000000", "incomeBeforeTax": "536000000", "incomeTaxExpense": "149000000", "interestAndDebtExpense": "32000000", "netIncomeFromContinuingOperations": "475000000", "comprehensiveIncomeNetOfTax": "310000000", "ebit": "568000000", "ebitda": "573000000", "netIncome": "387000000"}, {"fiscalDateEnding": "2021-06-30", "reportedCurrency": "USD", "grossProfit": "1238000000", "totalRevenue": "1926000000", "costOfRevenue": "688000000", "costofGoodsAndServicesSold": "None", "operatingIncome": "1097000000", "sellingGeneralAndAdministrative": "122000000", "researchAndDevelopment": "None", "operatingExpenses": "141000000", "investmentIncomeNet": "None", "netInterestIncome": "728000000", "interestIncome": "751000000", "interestExpense": "23000000", "nonInterestIncome": "761000000", "otherNonOperatingIncome": "None", "depreciation": "None", "depreciationAndAmortization": "1900000", "incomeBeforeTax": "688000000", "incomeTaxExpense": "173000000", "interestAndDebtExpense": "23000000", "netIncomeFromContinuingOperations": "628000000", "comprehensiveIncomeNetOfTax": "636000000", "ebit": "711000000", "ebitda": "712900000", "netIncome": "515000000"}, {"fiscalDateEnding": "2021-03-31", "reportedCurrency": "USD", "grossProfit": "1170880000", "totalRevenue": "1825560000", "costOfRevenue": "654680000", "costofGoodsAndServicesSold": "None", "operatingIncome": "1062708000", "sellingGeneralAndAdministrative": "106072000", "researchAndDevelopment": "None", "operatingExpenses": "108172000", "investmentIncomeNet": "None", "netInterestIncome": "659579000", "interestIncome": "678746000", "interestExpense": "19167000", "nonInterestIncome": "744180000", "otherNonOperatingIncome": "None", "depreciation": "None", "depreciationAndAmortization": "2100000", "incomeBeforeTax": "724129000", "incomeTaxExpense": "187315000", "interestAndDebtExpense": "19167000", "netIncomeFromContinuingOperations": "561764000", "comprehensiveIncomeNetOfTax": "-64743000", "ebit": "743296000", "ebitda": "745396000", "netIncome": "536814000"}, {"fiscalDateEnding": "2020-12-31", "reportedCurrency": "USD", "grossProfit": "625330000", "totalRevenue": "1251696000", "costOfRevenue": "626366000", "costofGoodsAndServicesSold": "None", "operatingIncome": "600930000", "sellingGeneralAndAdministrative": "7600000", "researchAndDevelopment": "None", "operatingExpenses": "24400000", "investmentIncomeNet": "None", "netInterestIncome": "591480000", "interestIncome": "607558000", "interestExpense": "16078000", "nonInterestIncome": "621783000", "otherNonOperatingIncome": "None", "depreciation": "None", "depreciationAndAmortization": "44800000", "incomeBeforeTax": "541006000", "incomeTaxExpense": "148096000", "interestAndDebtExpense": "16078000", "netIncomeFromContinuingOperations": "438801000", "comprehensiveIncomeNetOfTax": "395033000", "ebit": "557084000", "ebitda": "601884000", "netIncome": "392910000"}, {"fiscalDateEnding": "2020-09-30", "reportedCurrency": "USD", "grossProfit": "1005487000", "totalRevenue": "1444490000", "costOfRevenue": "439003000", "costofGoodsAndServicesSold": "None", "operatingIncome": "896445000", "sellingGeneralAndAdministrative": "105042000", "researchAndDevelopment": "None", "operatingExpenses": "109042000", "investmentIncomeNet": "None", "netInterestIncome": "528000000", "interestIncome": "543127000", "interestExpense": "15000000", "nonInterestIncome": "547000000", "otherNonOperatingIncome": "None", "depreciation": "None", "depreciationAndAmortization": "4000000", "incomeBeforeTax": "608572000", "incomeTaxExpense": "162000000", "interestAndDebtExpense": "15387000", "netIncomeFromContinuingOperations": "474055000", "comprehensiveIncomeNetOfTax": "452000000", "ebit": "623959000", "ebitda": "627959000", "netIncome": "446307000"}, {"fiscalDateEnding": "2020-06-30", "reportedCurrency": "USD", "grossProfit": "369716000", "totalRevenue": "915833000", "costOfRevenue": "546117000", "costofGoodsAndServicesSold": "None", "operatingIncome": "266619000", "sellingGeneralAndAdministrative": "100397000", "researchAndDevelopment": "None", "operatingExpenses": "103097000", "investmentIncomeNet": "None", "netInterestIncome": "513000000", "interestIncome": "523523000", "interestExpense": "11000000", "nonInterestIncome": "369000000", "otherNonOperatingIncome": "None", "depreciation": "None", "depreciationAndAmortization": "2700000", "incomeBeforeTax": "321398000", "incomeTaxExpense": "88000000", "interestAndDebtExpense": "10596000", "netIncomeFromContinuingOperations": "247789000", "comprehensiveIncomeNetOfTax": "256000000", "ebit": "331994000", "ebitda": "334694000", "netIncome": "233529000"}, {"fiscalDateEnding": "2020-03-31", "reportedCurrency": "USD", "grossProfit": "-43320000", "totalRevenue": "599745000", "costOfRevenue": "643065000", "costofGoodsAndServicesSold": "None", "operatingIncome": "-119572000", "sellingGeneralAndAdministrative": "74952000", "researchAndDevelopment": "None", "operatingExpenses": "76252000", "investmentIncomeNet": "None", "netInterestIncome": "524137000", "interestIncome": "567402000", "interestExpense": "43265000", "nonInterestIncome": "301934000", "otherNonOperatingIncome": "None", "depreciation": "None", "depreciationAndAmortization": "1300000", "incomeBeforeTax": "184979000", "incomeTaxExpense": "49357000", "interestAndDebtExpense": "43265000", "netIncomeFromContinuingOperations": "133649000", "comprehensiveIncomeNetOfTax": "643711000", "ebit": "228244000", "ebitda": "229544000", "netIncome": "135622000"}, {"fiscalDateEnding": "2019-12-31", "reportedCurrency": "USD", "grossProfit": "351494000", "totalRevenue": "829629000", "costOfRevenue": "478135000", "costofGoodsAndServicesSold": "None", "operatingIncome": "351494000", "sellingGeneralAndAdministrative": "111148000", "researchAndDevelopment": "None", "operatingExpenses": "158541000", "investmentIncomeNet": "None", "netInterestIncome": "533668000", "interestIncome": "588735000", "interestExpense": "55067000", "nonInterestIncome": "313344000", "otherNonOperatingIncome": "None", "depreciation": "None", "depreciationAndAmortization": "33400000", "incomeBeforeTax": "356917000", "incomeTaxExpense": "94061000", "interestAndDebtExpense": "55067000", "netIncomeFromContinuingOperations": "274816000", "comprehensiveIncomeNetOfTax": "211148000", "ebit": "411984000", "ebitda": "445384000", "netIncome": "262856000"}, {"fiscalDateEnding": "2019-09-30", "reportedCurrency": "USD", "grossProfit": "363672000", "totalRevenue": "791532000", "costOfRevenue": "427860000", "costofGoodsAndServicesSold": "None", "operatingIncome": "275117000", "sellingGeneralAndAdministrative": "88555000", "researchAndDevelopment": "None", "operatingExpenses": "88555000", "investmentIncomeNet": "None", "netInterestIncome": "520644000", "interestIncome": "583892000", "interestExpense": "63248000", "nonInterestIncome": "294009000", "otherNonOperatingIncome": "None", "depreciation": "None", "depreciationAndAmortization": "2900000", "incomeBeforeTax": "372356000", "incomeTaxExpense": "105075000", "interestAndDebtExpense": "63248000", "netIncomeFromContinuingOperations": "281718000", "comprehensiveIncomeNetOfTax": "322202000", "ebit": "435604000", "ebitda": "438504000", "netIncome": "267281000"}, {"fiscalDateEnding": "2019-06-30", "reportedCurrency": "USD", "grossProfit": "447283000", "totalRevenue": "854751000", "costOfRevenue": "407468000", "costofGoodsAndServicesSold": "None", "operatingIncome": "374545000", "sellingGeneralAndAdministrative": "72738000", "researchAndDevelopment": "None", "operatingExpenses": "72738000", "investmentIncomeNet": "None", "netInterestIncome": "529403000", "interestIncome": "585767000", "interestExpense": "56364000", "nonInterestIncome": "333750000", "otherNonOperatingIncome": "None", "depreciation": "None", "depreciationAndAmortization": "2800000", "incomeBeforeTax": "437101000", "incomeTaxExpense": "119114000", "interestAndDebtExpense": "56364000", "netIncomeFromContinuingOperations": "336571000", "comprehensiveIncomeNetOfTax": "414593000", "ebit": "493465000", "ebitda": "496265000", "netIncome": "317987000"}, {"fiscalDateEnding": "2019-03-31", "reportedCurrency": "USD", "grossProfit": "384604000", "totalRevenue": "778819000", "costOfRevenue": "394215000", "costofGoodsAndServicesSold": "None", "operatingIncome": "312689000", "sellingGeneralAndAdministrative": "68963000", "researchAndDevelopment": "None", "operatingExpenses": "71915000", "investmentIncomeNet": "None", "netInterestIncome": "512886000", "interestIncome": "551014000", "interestExpense": "38128000", "nonInterestIncome": "280376000", "otherNonOperatingIncome": "None", "depreciation": "None", "depreciationAndAmortization": "2900000", "incomeBeforeTax": "396167000", "incomeTaxExpense": "107435000", "interestAndDebtExpense": "38128000", "netIncomeFromContinuingOperations": "291612000", "comprehensiveIncomeNetOfTax": "327478000", "ebit": "434295000", "ebitda": "437195000", "netIncome": "288732000"}, {"fiscalDateEnding": "2018-12-31", "reportedCurrency": "USD", "grossProfit": "366287000", "totalRevenue": "687523000", "costOfRevenue": "321236000", "costofGoodsAndServicesSold": "42081000", "operatingIncome": "366287000", "sellingGeneralAndAdministrative": "101432000", "researchAndDevelopment": "None", "operatingExpenses": "139693000", "investmentIncomeNet": "None", "netInterestIncome": "514460000", "interestIncome": "542897000", "interestExpense": "28437000", "nonInterestIncome": "186707000", "otherNonOperatingIncome": "None", "depreciation": "None", "depreciationAndAmortization": "14517000", "incomeBeforeTax": "371264000", "incomeTaxExpense": "105000000", "interestAndDebtExpense": "28437000", "netIncomeFromContinuingOperations": "274931000", "comprehensiveIncomeNetOfTax": "320554000", "ebit": "399701000", "ebitda": "None", "netIncome": "266264000"}, {"fiscalDateEnding": "2018-09-30", "reportedCurrency": "USD", "grossProfit": "359499000", "totalRevenue": "686118000", "costOfRevenue": "326619000", "costofGoodsAndServicesSold": "37265000", "operatingIncome": "303602000", "sellingGeneralAndAdministrative": "55897000", "researchAndDevelopment": "None", "operatingExpenses": "55897000", "investmentIncomeNet": "None", "netInterestIncome": "493222000", "interestIncome": "513313000", "interestExpense": "20091000", "nonInterestIncome": "210070000", "otherNonOperatingIncome": "None", "depreciation": "None", "depreciationAndAmortization": "14487000", "incomeBeforeTax": "370125000", "incomeTaxExpense": "95308000", "interestAndDebtExpense": "20091000", "netIncomeFromContinuingOperations": "281365000", "comprehensiveIncomeNetOfTax": "253272000", "ebit": "390216000", "ebitda": "None", "netIncome": "274817000"}, {"fiscalDateEnding": "2018-06-30", "reportedCurrency": "USD", "grossProfit": "295233000", "totalRevenue": "630052000", "costOfRevenue": "334819000", "costofGoodsAndServicesSold": "43938000", "operatingIncome": "47283000", "sellingGeneralAndAdministrative": "247950000", "researchAndDevelopment": "None", "operatingExpenses": "247950000", "investmentIncomeNet": "None", "netInterestIncome": "466443000", "interestIncome": "481301000", "interestExpense": "14858000", "nonInterestIncome": "192689000", "otherNonOperatingIncome": "None", "depreciation": "None", "depreciationAndAmortization": "14525000", "incomeBeforeTax": "315085000", "incomeTaxExpense": "77287000", "interestAndDebtExpense": "14858000", "netIncomeFromContinuingOperations": "247026000", "comprehensiveIncomeNetOfTax": "222619000", "ebit": "329943000", "ebitda": "None", "netIncome": "237798000"}, {"fiscalDateEnding": "2018-03-31", "reportedCurrency": "USD", "grossProfit": "254020000", "totalRevenue": "547409000", "costOfRevenue": "293389000", "costofGoodsAndServicesSold": "40507000", "operatingIncome": "40337000", "sellingGeneralAndAdministrative": "213683000", "researchAndDevelopment": "None", "operatingExpenses": "213683000", "investmentIncomeNet": "None", "netInterestIncome": "419863000", "interestIncome": "432398000", "interestExpense": "12535000", "nonInterestIncome": "155518000", "otherNonOperatingIncome": "None", "depreciation": "None", "depreciationAndAmortization": "14377000", "incomeBeforeTax": "268927000", "incomeTaxExpense": "73966000", "interestAndDebtExpense": "12535000", "netIncomeFromContinuingOperations": "208026000", "comprehensiveIncomeNetOfTax": "124747000", "ebit": "281462000", "ebitda": "None", "netIncome": "194961000"}, {"fiscalDateEnding": "2017-12-31", "reportedCurrency": "USD", "grossProfit": "237473000", "totalRevenue": "523730000", "costOfRevenue": "286257000", "costofGoodsAndServicesSold": "33552000", "operatingIncome": "237473000", "sellingGeneralAndAdministrative": "243390000", "researchAndDevelopment": "None", "operatingExpenses": "278659000", "investmentIncomeNet": "None", "netInterestIncome": "393706000", "interestIncome": "405016000", "interestExpense": "11310000", "nonInterestIncome": "152266000", "otherNonOperatingIncome": "None", "depreciation": "None", "depreciationAndAmortization": "16858000", "incomeBeforeTax": "252261000", "incomeTaxExpense": "135051000", "interestAndDebtExpense": "11310000", "netIncomeFromContinuingOperations": "124664000", "comprehensiveIncomeNetOfTax": "100104000", "ebit": "263571000", "ebitda": "None", "netIncome": "117210000"}, {"fiscalDateEnding": "2017-09-30", "reportedCurrency": "USD", "grossProfit": "227947000", "totalRevenue": "509230000", "costOfRevenue": "281283000", "costofGoodsAndServicesSold": "34819000", "operatingIncome": "23663000", "sellingGeneralAndAdministrative": "204284000", "researchAndDevelopment": "None", "operatingExpenses": "204284000", "investmentIncomeNet": "None", "netInterestIncome": "373974000", "interestIncome": "385271000", "interestExpense": "11297000", "nonInterestIncome": "158778000", "otherNonOperatingIncome": "None", "depreciation": "None", "depreciationAndAmortization": "12997000", "incomeBeforeTax": "245971000", "incomeTaxExpense": "97351000", "interestAndDebtExpense": "11297000", "netIncomeFromContinuingOperations": "154118000", "comprehensiveIncomeNetOfTax": "149364000", "ebit": "257268000", "ebitda": "None", "netIncome": "148620000"}, {"fiscalDateEnding": "2017-06-30", "reportedCurrency": "USD", "grossProfit": "188366000", "totalRevenue": "455418000", "costOfRevenue": "267052000", "costofGoodsAndServicesSold": "27037000", "operatingIncome": "-5409000", "sellingGeneralAndAdministrative": "193775000", "researchAndDevelopment": "None", "operatingExpenses": "193775000", "investmentIncomeNet": "None", "netInterestIncome": "342696000", "interestIncome": "353927000", "interestExpense": "11231000", "nonInterestIncome": "128528000", "otherNonOperatingIncome": "None", "depreciation": "None", "depreciationAndAmortization": "13877000", "incomeBeforeTax": "194849000", "incomeTaxExpense": "71656000", "interestAndDebtExpense": "11231000", "netIncomeFromContinuingOperations": "132516000", "comprehensiveIncomeNetOfTax": "120125000", "ebit": "206080000", "ebitda": "None", "netIncome": "123193000"}, {"fiscalDateEnding": "2017-03-31", "reportedCurrency": "USD", "grossProfit": "128551000", "totalRevenue": "396918000", "costOfRevenue": "268367000", "costofGoodsAndServicesSold": "41667000", "operatingIncome": "-61729000", "sellingGeneralAndAdministrative": "190280000", "researchAndDevelopment": "None", "operatingExpenses": "190280000", "investmentIncomeNet": "None", "netInterestIncome": "309993000", "interestIncome": "320926000", "interestExpense": "10933000", "nonInterestIncome": "117659000", "otherNonOperatingIncome": "None", "depreciation": "None", "depreciationAndAmortization": "12391000", "incomeBeforeTax": "152888000", "incomeTaxExpense": "51405000", "interestAndDebtExpense": "10933000", "netIncomeFromContinuingOperations": "107880000", "comprehensiveIncomeNetOfTax": "96011000", "ebit": "163821000", "ebitda": "None", "netIncome": "101483000"}, {"fiscalDateEnding": "2016-12-31", "reportedCurrency": "USD", "grossProfit": "151394000", "totalRevenue": "403034000", "costOfRevenue": "251640000", "costofGoodsAndServicesSold": "27182000", "operatingIncome": "151394000", "sellingGeneralAndAdministrative": "208716000", "researchAndDevelopment": "None", "operatingExpenses": "242616000", "investmentIncomeNet": "None", "netInterestIncome": "296605000", "interestIncome": "307333000", "interestExpense": "10728000", "nonInterestIncome": "113502000", "otherNonOperatingIncome": "None", "depreciation": "None", "depreciationAndAmortization": "11705000", "incomeBeforeTax": "154291000", "incomeTaxExpense": "54825000", "interestAndDebtExpense": "10728000", "netIncomeFromContinuingOperations": "103642000", "comprehensiveIncomeNetOfTax": "26317000", "ebit": "165019000", "ebitda": "None", "netIncome": "99466000"}]}