{"symbol": "SWKS", "annualReports": [{"fiscalDateEnding": "2020-09-30", "reportedCurrency": "USD", "grossProfit": "1612900000", "totalRevenue": "3355700000", "costOfRevenue": "1742800000", "costofGoodsAndServicesSold": "1742800000", "operatingIncome": "891800000", "sellingGeneralAndAdministrative": "231400000", "researchAndDevelopment": "464100000", "operatingExpenses": "721100000", "investmentIncomeNet": "None", "netInterestIncome": "None", "interestIncome": "None", "interestExpense": "None", "nonInterestIncome": "None", "otherNonOperatingIncome": "-100000", "depreciation": "318300000", "depreciationAndAmortization": "11800000", "incomeBeforeTax": "891700000", "incomeTaxExpense": "76900000", "interestAndDebtExpense": "None", "netIncomeFromContinuingOperations": "814800000", "comprehensiveIncomeNetOfTax": "814900000", "ebit": "891800000", "ebitda": "903500000", "netIncome": "814800000"}, {"fiscalDateEnding": "2019-09-30", "reportedCurrency": "USD", "grossProfit": "1603800000", "totalRevenue": "3376800000", "costOfRevenue": "2057400000", "costofGoodsAndServicesSold": "1773000000", "operatingIncome": "952000000", "sellingGeneralAndAdministrative": "198300000", "researchAndDevelopment": "424100000", "operatingExpenses": "651800000", "investmentIncomeNet": "None", "netInterestIncome": "None", "interestIncome": "None", "interestExpense": "None", "nonInterestIncome": "3376800000", "otherNonOperatingIncome": "9000000", "depreciation": "314900000", "depreciationAndAmortization": "79300000", "incomeBeforeTax": "961000000", "incomeTaxExpense": "107400000", "interestAndDebtExpense": "None", "netIncomeFromContinuingOperations": "853600000", "comprehensiveIncomeNetOfTax": "854400000", "ebit": "952000000", "ebitda": "1031300000", "netIncome": "853600000"}, {"fiscalDateEnding": "2018-09-30", "reportedCurrency": "USD", "grossProfit": "1950700000", "totalRevenue": "3868000000", "costOfRevenue": "2170900000", "costofGoodsAndServicesSold": "1917300000", "operatingIncome": "1319300000", "sellingGeneralAndAdministrative": "207800000", "researchAndDevelopment": "404500000", "operatingExpenses": "631400000", "investmentIncomeNet": "None", "netInterestIncome": "None", "interestIncome": "None", "interestExpense": "None", "nonInterestIncome": "3868000000", "otherNonOperatingIncome": "12800000", "depreciation": "272500000", "depreciationAndAmortization": "45000000", "incomeBeforeTax": "1332100000", "incomeTaxExpense": "413700000", "interestAndDebtExpense": "None", "netIncomeFromContinuingOperations": "918400000", "comprehensiveIncomeNetOfTax": "918100000", "ebit": "1319300000", "ebitda": "1364300000", "netIncome": "918400000"}, {"fiscalDateEnding": "2017-09-30", "reportedCurrency": "USD", "grossProfit": "1841800000", "totalRevenue": "3651400000", "costOfRevenue": "2070000000", "costofGoodsAndServicesSold": "1809600000", "operatingIncome": "1253800000", "sellingGeneralAndAdministrative": "204600000", "researchAndDevelopment": "355200000", "operatingExpenses": "588000000", "investmentIncomeNet": "None", "netInterestIncome": "None", "interestIncome": "None", "interestExpense": "None", "nonInterestIncome": "3651400000", "otherNonOperatingIncome": "3200000", "depreciation": "227200000", "depreciationAndAmortization": "55200000", "incomeBeforeTax": "1257000000", "incomeTaxExpense": "246800000", "interestAndDebtExpense": "None", "netIncomeFromContinuingOperations": "1010200000", "comprehensiveIncomeNetOfTax": "1012600000", "ebit": "1253800000", "ebitda": "1309000000", "netIncome": "1010200000"}, {"fiscalDateEnding": "2016-09-30", "reportedCurrency": "USD", "grossProfit": "1665200000", "totalRevenue": "3289000000", "costOfRevenue": "1891300000", "costofGoodsAndServicesSold": "1623800000", "operatingIncome": "1118700000", "sellingGeneralAndAdministrative": "195900000", "researchAndDevelopment": "312400000", "operatingExpenses": "546500000", "investmentIncomeNet": "None", "netInterestIncome": "None", "interestIncome": "None", "interestExpense": "None", "nonInterestIncome": "None", "otherNonOperatingIncome": "-6600000", "depreciation": "214400000", "depreciationAndAmortization": "66800000", "incomeBeforeTax": "1200600000", "incomeTaxExpense": "205400000", "interestAndDebtExpense": "None", "netIncomeFromContinuingOperations": "995200000", "comprehensiveIncomeNetOfTax": "992500000", "ebit": "1118700000", "ebitda": "1185500000", "netIncome": "995200000"}], "quarterlyReports": [{"fiscalDateEnding": "2021-06-30", "reportedCurrency": "USD", "grossProfit": "558600000", "totalRevenue": "1116400000", "costOfRevenue": "557800000", "costofGoodsAndServicesSold": "557800000", "operatingIncome": "339800000", "sellingGeneralAndAdministrative": "85100000", "researchAndDevelopment": "130800000", "operatingExpenses": "218800000", "investmentIncomeNet": "300000", "netInterestIncome": "-2600000", "interestIncome": "None", "interestExpense": "2600000", "nonInterestIncome": "1116400000", "otherNonOperatingIncome": "-1000000", "depreciation": "84700000", "depreciationAndAmortization": "2400000", "incomeBeforeTax": "336200000", "incomeTaxExpense": "-1600000", "interestAndDebtExpense": "2600000", "netIncomeFromContinuingOperations": "337800000", "comprehensiveIncomeNetOfTax": "337600000", "ebit": "338800000", "ebitda": "341200000", "netIncome": "337800000"}, {"fiscalDateEnding": "2021-03-31", "reportedCurrency": "USD", "grossProfit": "578400000", "totalRevenue": "1171800000", "costOfRevenue": "593400000", "costofGoodsAndServicesSold": "593400000", "operatingIncome": "374700000", "sellingGeneralAndAdministrative": "70200000", "researchAndDevelopment": "130700000", "operatingExpenses": "203700000", "investmentIncomeNet": "None", "netInterestIncome": "None", "interestIncome": "None", "interestExpense": "None", "nonInterestIncome": "1171800000", "otherNonOperatingIncome": "800000", "depreciation": "79800000", "depreciationAndAmortization": "2800000", "incomeBeforeTax": "375500000", "incomeTaxExpense": "50500000", "interestAndDebtExpense": "None", "netIncomeFromContinuingOperations": "325000000", "comprehensiveIncomeNetOfTax": "324900000", "ebit": "374700000", "ebitda": "377500000", "netIncome": "325000000"}, {"fiscalDateEnding": "2020-12-31", "reportedCurrency": "USD", "grossProfit": "761700000", "totalRevenue": "1510000000", "costOfRevenue": "748300000", "costofGoodsAndServicesSold": "748000000", "operatingIncome": "570700000", "sellingGeneralAndAdministrative": "66600000", "researchAndDevelopment": "121600000", "operatingExpenses": "191000000", "investmentIncomeNet": "None", "netInterestIncome": "None", "interestIncome": "None", "interestExpense": "None", "nonInterestIncome": "None", "otherNonOperatingIncome": "200000", "depreciation": "78400000", "depreciationAndAmortization": "78000000", "incomeBeforeTax": "570900000", "incomeTaxExpense": "61600000", "interestAndDebtExpense": "None", "netIncomeFromContinuingOperations": "509300000", "comprehensiveIncomeNetOfTax": "509400000", "ebit": "570700000", "ebitda": "648000000", "netIncome": "509300000"}, {"fiscalDateEnding": "2020-09-30", "reportedCurrency": "USD", "grossProfit": "458900000", "totalRevenue": "956800000", "costOfRevenue": "497900000", "costofGoodsAndServicesSold": "497900000", "operatingIncome": "267600000", "sellingGeneralAndAdministrative": "62300000", "researchAndDevelopment": "126200000", "operatingExpenses": "191300000", "investmentIncomeNet": "None", "netInterestIncome": "None", "interestIncome": "None", "interestExpense": "None", "nonInterestIncome": "None", "otherNonOperatingIncome": "-1500000", "depreciation": "80100000", "depreciationAndAmortization": "90700000", "incomeBeforeTax": "266100000", "incomeTaxExpense": "19200000", "interestAndDebtExpense": "None", "netIncomeFromContinuingOperations": "246900000", "comprehensiveIncomeNetOfTax": "246700000", "ebit": "267600000", "ebitda": "356800000", "netIncome": "246900000"}, {"fiscalDateEnding": "2020-06-30", "reportedCurrency": "USD", "grossProfit": "334100000", "totalRevenue": "736800000", "costOfRevenue": "402700000", "costofGoodsAndServicesSold": "402700000", "operatingIncome": "147500000", "sellingGeneralAndAdministrative": "55000000", "researchAndDevelopment": "117000000", "operatingExpenses": "186600000", "investmentIncomeNet": "1200000", "netInterestIncome": "0", "interestIncome": "None", "interestExpense": "0", "nonInterestIncome": "736800000", "otherNonOperatingIncome": "-3500000", "depreciation": "77900000", "depreciationAndAmortization": "2800000", "incomeBeforeTax": "144000000", "incomeTaxExpense": "14300000", "interestAndDebtExpense": "0", "netIncomeFromContinuingOperations": "129700000", "comprehensiveIncomeNetOfTax": "129600000", "ebit": "147500000", "ebitda": "150300000", "netIncome": "129700000"}, {"fiscalDateEnding": "2020-03-31", "reportedCurrency": "USD", "grossProfit": "375600000", "totalRevenue": "766100000", "costOfRevenue": "390500000", "costofGoodsAndServicesSold": "390500000", "operatingIncome": "199500000", "sellingGeneralAndAdministrative": "58600000", "researchAndDevelopment": "113200000", "operatingExpenses": "176100000", "investmentIncomeNet": "None", "netInterestIncome": "None", "interestIncome": "None", "interestExpense": "None", "nonInterestIncome": "766100000", "otherNonOperatingIncome": "3500000", "depreciation": "80500000", "depreciationAndAmortization": "3100000", "incomeBeforeTax": "203000000", "incomeTaxExpense": "21900000", "interestAndDebtExpense": "None", "netIncomeFromContinuingOperations": "181100000", "comprehensiveIncomeNetOfTax": "181600000", "ebit": "199500000", "ebitda": "202600000", "netIncome": "181100000"}, {"fiscalDateEnding": "2019-12-31", "reportedCurrency": "USD", "grossProfit": "444300000", "totalRevenue": "896100000", "costOfRevenue": "451800000", "costofGoodsAndServicesSold": "451800000", "operatingIncome": "277300000", "sellingGeneralAndAdministrative": "55400000", "researchAndDevelopment": "107700000", "operatingExpenses": "167000000", "investmentIncomeNet": "None", "netInterestIncome": "None", "interestIncome": "None", "interestExpense": "None", "nonInterestIncome": "896100000", "otherNonOperatingIncome": "1400000", "depreciation": "79800000", "depreciationAndAmortization": "14500000", "incomeBeforeTax": "278700000", "incomeTaxExpense": "21600000", "interestAndDebtExpense": "None", "netIncomeFromContinuingOperations": "257100000", "comprehensiveIncomeNetOfTax": "257000000", "ebit": "277300000", "ebitda": "291800000", "netIncome": "257100000"}, {"fiscalDateEnding": "2019-09-30", "reportedCurrency": "USD", "grossProfit": "406000000", "totalRevenue": "827400000", "costOfRevenue": "705800000", "costofGoodsAndServicesSold": "421400000", "operatingIncome": "233900000", "sellingGeneralAndAdministrative": "55800000", "researchAndDevelopment": "106800000", "operatingExpenses": "172100000", "investmentIncomeNet": "None", "netInterestIncome": "None", "interestIncome": "None", "interestExpense": "None", "nonInterestIncome": "827400000", "otherNonOperatingIncome": "100000", "depreciation": "79500000", "depreciationAndAmortization": "17400000", "incomeBeforeTax": "234000000", "incomeTaxExpense": "23400000", "interestAndDebtExpense": "None", "netIncomeFromContinuingOperations": "406000000", "comprehensiveIncomeNetOfTax": "210400000", "ebit": "233900000", "ebitda": "251300000", "netIncome": "210600000"}, {"fiscalDateEnding": "2019-06-30", "reportedCurrency": "USD", "grossProfit": "312500000", "totalRevenue": "767000000", "costOfRevenue": "454500000", "costofGoodsAndServicesSold": "454500000", "operatingIncome": "159600000", "sellingGeneralAndAdministrative": "46800000", "researchAndDevelopment": "100600000", "operatingExpenses": "152900000", "investmentIncomeNet": "None", "netInterestIncome": "None", "interestIncome": "None", "interestExpense": "None", "nonInterestIncome": "767000000", "otherNonOperatingIncome": "2300000", "depreciation": "79000000", "depreciationAndAmortization": "5500000", "incomeBeforeTax": "161900000", "incomeTaxExpense": "17800000", "interestAndDebtExpense": "None", "netIncomeFromContinuingOperations": "144100000", "comprehensiveIncomeNetOfTax": "144400000", "ebit": "159600000", "ebitda": "165100000", "netIncome": "144100000"}, {"fiscalDateEnding": "2019-03-31", "reportedCurrency": "USD", "grossProfit": "400200000", "totalRevenue": "810400000", "costOfRevenue": "410200000", "costofGoodsAndServicesSold": "410200000", "operatingIncome": "237600000", "sellingGeneralAndAdministrative": "47900000", "researchAndDevelopment": "107500000", "operatingExpenses": "162600000", "investmentIncomeNet": "None", "netInterestIncome": "None", "interestIncome": "None", "interestExpense": "None", "nonInterestIncome": "810400000", "otherNonOperatingIncome": "3700000", "depreciation": "78900000", "depreciationAndAmortization": "5700000", "incomeBeforeTax": "241300000", "incomeTaxExpense": "27300000", "interestAndDebtExpense": "None", "netIncomeFromContinuingOperations": "214000000", "comprehensiveIncomeNetOfTax": "214600000", "ebit": "237600000", "ebitda": "243300000", "netIncome": "214000000"}, {"fiscalDateEnding": "2018-12-31", "reportedCurrency": "USD", "grossProfit": "485100000", "totalRevenue": "972000000", "costOfRevenue": "486900000", "costofGoodsAndServicesSold": "486900000", "operatingIncome": "320900000", "sellingGeneralAndAdministrative": "47800000", "researchAndDevelopment": "109200000", "operatingExpenses": "164200000", "investmentIncomeNet": "None", "netInterestIncome": "None", "interestIncome": "None", "interestExpense": "None", "nonInterestIncome": "972000000", "otherNonOperatingIncome": "2900000", "depreciation": "77500000", "depreciationAndAmortization": "22900000", "incomeBeforeTax": "323800000", "incomeTaxExpense": "38900000", "interestAndDebtExpense": "None", "netIncomeFromContinuingOperations": "284900000", "comprehensiveIncomeNetOfTax": "285000000", "ebit": "320900000", "ebitda": "343800000", "netIncome": "284900000"}, {"fiscalDateEnding": "2018-09-30", "reportedCurrency": "USD", "grossProfit": "503600000", "totalRevenue": "1008400000", "costOfRevenue": "758400000", "costofGoodsAndServicesSold": "504800000", "operatingIncome": "340100000", "sellingGeneralAndAdministrative": "54400000", "researchAndDevelopment": "103000000", "operatingExpenses": "163500000", "investmentIncomeNet": "None", "netInterestIncome": "None", "interestIncome": "None", "interestExpense": "None", "nonInterestIncome": "1008400000", "otherNonOperatingIncome": "3300000", "depreciation": "73600000", "depreciationAndAmortization": "16500000", "incomeBeforeTax": "343400000", "incomeTaxExpense": "57900000", "interestAndDebtExpense": "None", "netIncomeFromContinuingOperations": "503600000", "comprehensiveIncomeNetOfTax": "285500000", "ebit": "340100000", "ebitda": "356600000", "netIncome": "285500000"}, {"fiscalDateEnding": "2018-06-30", "reportedCurrency": "USD", "grossProfit": "451600000", "totalRevenue": "894300000", "costOfRevenue": "442700000", "costofGoodsAndServicesSold": "442700000", "operatingIncome": "306300000", "sellingGeneralAndAdministrative": "44600000", "researchAndDevelopment": "96800000", "operatingExpenses": "145300000", "investmentIncomeNet": "None", "netInterestIncome": "None", "interestIncome": "None", "interestExpense": "None", "nonInterestIncome": "894300000", "otherNonOperatingIncome": "4500000", "depreciation": "69300000", "depreciationAndAmortization": "3900000", "incomeBeforeTax": "310800000", "incomeTaxExpense": "24300000", "interestAndDebtExpense": "None", "netIncomeFromContinuingOperations": "286500000", "comprehensiveIncomeNetOfTax": "286500000", "ebit": "306300000", "ebitda": "310200000", "netIncome": "286500000"}, {"fiscalDateEnding": "2018-03-31", "reportedCurrency": "USD", "grossProfit": "458700000", "totalRevenue": "913400000", "costOfRevenue": "454700000", "costofGoodsAndServicesSold": "454700000", "operatingIncome": "289400000", "sellingGeneralAndAdministrative": "57500000", "researchAndDevelopment": "106700000", "operatingExpenses": "169300000", "investmentIncomeNet": "None", "netInterestIncome": "None", "interestIncome": "None", "interestExpense": "None", "nonInterestIncome": "913400000", "otherNonOperatingIncome": "2900000", "depreciation": "66000000", "depreciationAndAmortization": "4100000", "incomeBeforeTax": "292300000", "incomeTaxExpense": "16300000", "interestAndDebtExpense": "None", "netIncomeFromContinuingOperations": "276000000", "comprehensiveIncomeNetOfTax": "275700000", "ebit": "289400000", "ebitda": "293500000", "netIncome": "276000000"}, {"fiscalDateEnding": "2017-12-31", "reportedCurrency": "USD", "grossProfit": "536800000", "totalRevenue": "1051900000", "costOfRevenue": "515100000", "costofGoodsAndServicesSold": "515100000", "operatingIncome": "383500000", "sellingGeneralAndAdministrative": "51300000", "researchAndDevelopment": "98000000", "operatingExpenses": "153300000", "investmentIncomeNet": "None", "netInterestIncome": "None", "interestIncome": "None", "interestExpense": "None", "nonInterestIncome": "1051900000", "otherNonOperatingIncome": "2100000", "depreciation": "63600000", "depreciationAndAmortization": "9500000", "incomeBeforeTax": "385600000", "incomeTaxExpense": "315200000", "interestAndDebtExpense": "None", "netIncomeFromContinuingOperations": "70400000", "comprehensiveIncomeNetOfTax": "70400000", "ebit": "383500000", "ebitda": "393000000", "netIncome": "70400000"}, {"fiscalDateEnding": "2017-09-30", "reportedCurrency": "USD", "grossProfit": "498900000", "totalRevenue": "984600000", "costOfRevenue": "551900000", "costofGoodsAndServicesSold": "485700000", "operatingIncome": "345900000", "sellingGeneralAndAdministrative": "56400000", "researchAndDevelopment": "91800000", "operatingExpenses": "153000000", "investmentIncomeNet": "None", "netInterestIncome": "None", "interestIncome": "None", "interestExpense": "None", "nonInterestIncome": "None", "otherNonOperatingIncome": "1800000", "depreciation": "60400000", "depreciationAndAmortization": "10000000", "incomeBeforeTax": "347700000", "incomeTaxExpense": "66400000", "interestAndDebtExpense": "None", "netIncomeFromContinuingOperations": "498900000", "comprehensiveIncomeNetOfTax": "282000000", "ebit": "345900000", "ebitda": "355900000", "netIncome": "281300000"}, {"fiscalDateEnding": "2017-06-30", "reportedCurrency": "USD", "grossProfit": "453600000", "totalRevenue": "900800000", "costOfRevenue": "504000000", "costofGoodsAndServicesSold": "447200000", "operatingIncome": "304800000", "sellingGeneralAndAdministrative": "49500000", "researchAndDevelopment": "92000000", "operatingExpenses": "148800000", "investmentIncomeNet": "None", "netInterestIncome": "None", "interestIncome": "None", "interestExpense": "None", "nonInterestIncome": "None", "otherNonOperatingIncome": "2000000", "depreciation": "55600000", "depreciationAndAmortization": "7100000", "incomeBeforeTax": "306800000", "incomeTaxExpense": "60600000", "interestAndDebtExpense": "None", "netIncomeFromContinuingOperations": "246200000", "comprehensiveIncomeNetOfTax": "246300000", "ebit": "304800000", "ebitda": "311900000", "netIncome": "246200000"}, {"fiscalDateEnding": "2017-03-31", "reportedCurrency": "USD", "grossProfit": "425400000", "totalRevenue": "851700000", "costOfRevenue": "481100000", "costofGoodsAndServicesSold": "426300000", "operatingIncome": "281200000", "sellingGeneralAndAdministrative": "47800000", "researchAndDevelopment": "89400000", "operatingExpenses": "144200000", "investmentIncomeNet": "None", "netInterestIncome": "None", "interestIncome": "None", "interestExpense": "None", "nonInterestIncome": "None", "otherNonOperatingIncome": "200000", "depreciation": "55900000", "depreciationAndAmortization": "7000000", "incomeBeforeTax": "281400000", "incomeTaxExpense": "56500000", "interestAndDebtExpense": "None", "netIncomeFromContinuingOperations": "224900000", "comprehensiveIncomeNetOfTax": "224600000", "ebit": "281200000", "ebitda": "288200000", "netIncome": "224900000"}, {"fiscalDateEnding": "2016-12-31", "reportedCurrency": "USD", "grossProfit": "463900000", "totalRevenue": "914300000", "costOfRevenue": "518900000", "costofGoodsAndServicesSold": "450400000", "operatingIncome": "321900000", "sellingGeneralAndAdministrative": "50900000", "researchAndDevelopment": "82000000", "operatingExpenses": "142000000", "investmentIncomeNet": "None", "netInterestIncome": "None", "interestIncome": "None", "interestExpense": "None", "nonInterestIncome": "None", "otherNonOperatingIncome": "-800000", "depreciation": "55300000", "depreciationAndAmortization": "17000000", "incomeBeforeTax": "321100000", "incomeTaxExpense": "63300000", "interestAndDebtExpense": "None", "netIncomeFromContinuingOperations": "257800000", "comprehensiveIncomeNetOfTax": "259700000", "ebit": "321900000", "ebitda": "338900000", "netIncome": "257800000"}, {"fiscalDateEnding": "2016-09-30", "reportedCurrency": "USD", "grossProfit": "424400000", "totalRevenue": "835400000", "costOfRevenue": "476700000", "costofGoodsAndServicesSold": "411000000", "operatingIncome": "291900000", "sellingGeneralAndAdministrative": "53300000", "researchAndDevelopment": "73200000", "operatingExpenses": "132500000", "investmentIncomeNet": "None", "netInterestIncome": "None", "interestIncome": "None", "interestExpense": "None", "nonInterestIncome": "None", "otherNonOperatingIncome": "-800000", "depreciation": "54800000", "depreciationAndAmortization": "12800000", "incomeBeforeTax": "291100000", "incomeTaxExpense": "44300000", "interestAndDebtExpense": "None", "netIncomeFromContinuingOperations": "424400000", "comprehensiveIncomeNetOfTax": "244900000", "ebit": "291900000", "ebitda": "304700000", "netIncome": "246800000"}]}