{"symbol": "SYK", "annualReports": [{"fiscalDateEnding": "2020-12-31", "reportedCurrency": "USD", "grossProfit": "9057000000", "totalRevenue": "14351000000", "costOfRevenue": "5294000000", "costofGoodsAndServicesSold": "5294000000", "operatingIncome": "2223000000", "sellingGeneralAndAdministrative": "5361000000", "researchAndDevelopment": "984000000", "operatingExpenses": "6834000000", "investmentIncomeNet": "None", "netInterestIncome": "-315000000", "interestIncome": "-213000000", "interestExpense": "315000000", "nonInterestIncome": "None", "otherNonOperatingIncome": "-269000000", "depreciation": "340000000", "depreciationAndAmortization": "472000000", "incomeBeforeTax": "1954000000", "incomeTaxExpense": "355000000", "interestAndDebtExpense": "315000000", "netIncomeFromContinuingOperations": "1599000000", "comprehensiveIncomeNetOfTax": "1048000000", "ebit": "2223000000", "ebitda": "2741000000", "netIncome": "1599000000"}, {"fiscalDateEnding": "2019-12-31", "reportedCurrency": "USD", "grossProfit": "9696000000", "totalRevenue": "14884000000", "costOfRevenue": "5188000000", "costofGoodsAndServicesSold": "5188000000", "operatingIncome": "2713000000", "sellingGeneralAndAdministrative": "5356000000", "researchAndDevelopment": "971000000", "operatingExpenses": "6983000000", "investmentIncomeNet": "None", "netInterestIncome": "-287000000", "interestIncome": "-125000000", "interestExpense": "287000000", "nonInterestIncome": "None", "otherNonOperatingIncome": "-151000000", "depreciation": "314000000", "depreciationAndAmortization": "464000000", "incomeBeforeTax": "2562000000", "incomeTaxExpense": "479000000", "interestAndDebtExpense": "287000000", "netIncomeFromContinuingOperations": "2083000000", "comprehensiveIncomeNetOfTax": "2108000000", "ebit": "2713000000", "ebitda": "3313000000", "netIncome": "2083000000"}, {"fiscalDateEnding": "2018-12-31", "reportedCurrency": "USD", "grossProfit": "8938000000", "totalRevenue": "13601000000", "costOfRevenue": "4663000000", "costofGoodsAndServicesSold": "4663000000", "operatingIncome": "2537000000", "sellingGeneralAndAdministrative": "5099000000", "researchAndDevelopment": "862000000", "operatingExpenses": "6401000000", "investmentIncomeNet": "None", "netInterestIncome": "-264000000", "interestIncome": "-139000000", "interestExpense": "264000000", "nonInterestIncome": "None", "otherNonOperatingIncome": "-181000000", "depreciation": "306000000", "depreciationAndAmortization": "417000000", "incomeBeforeTax": "2356000000", "incomeTaxExpense": "-1197000000", "interestAndDebtExpense": "264000000", "netIncomeFromContinuingOperations": "3553000000", "comprehensiveIncomeNetOfTax": "3475000000", "ebit": "2537000000", "ebitda": "3037000000", "netIncome": "3553000000"}, {"fiscalDateEnding": "2017-12-31", "reportedCurrency": "USD", "grossProfit": "8180000000", "totalRevenue": "12444000000", "costOfRevenue": "4264000000", "costofGoodsAndServicesSold": "4271000000", "operatingIncome": "2297000000", "sellingGeneralAndAdministrative": "4552000000", "researchAndDevelopment": "787000000", "operatingExpenses": "5883000000", "investmentIncomeNet": "None", "netInterestIncome": "-247000000", "interestIncome": "-178000000", "interestExpense": "247000000", "nonInterestIncome": "None", "otherNonOperatingIncome": "-227000000", "depreciation": "271000000", "depreciationAndAmortization": "371000000", "incomeBeforeTax": "2063000000", "incomeTaxExpense": "1043000000", "interestAndDebtExpense": "247000000", "netIncomeFromContinuingOperations": "1020000000", "comprehensiveIncomeNetOfTax": "1228000000", "ebit": "2297000000", "ebitda": "2681000000", "netIncome": "1020000000"}, {"fiscalDateEnding": "2016-12-31", "reportedCurrency": "USD", "grossProfit": "7504000000", "totalRevenue": "11325000000", "costOfRevenue": "3821000000", "costofGoodsAndServicesSold": "3830000000", "operatingIncome": "2175000000", "sellingGeneralAndAdministrative": "4137000000", "researchAndDevelopment": "715000000", "operatingExpenses": "5329000000", "investmentIncomeNet": "None", "netInterestIncome": "-228000000", "interestIncome": "-180000000", "interestExpense": "228000000", "nonInterestIncome": "None", "otherNonOperatingIncome": "-245000000", "depreciation": "227000000", "depreciationAndAmortization": "319000000", "incomeBeforeTax": "1921000000", "incomeTaxExpense": "274000000", "interestAndDebtExpense": "228000000", "netIncomeFromContinuingOperations": "1647000000", "comprehensiveIncomeNetOfTax": "1525000000", "ebit": "2175000000", "ebitda": "2468000000", "netIncome": "1647000000"}], "quarterlyReports": [{"fiscalDateEnding": "2021-09-30", "reportedCurrency": "USD", "grossProfit": "2642000000", "totalRevenue": "4160000000", "costOfRevenue": "1518000000", "costofGoodsAndServicesSold": "1518000000", "operatingIncome": "574000000", "sellingGeneralAndAdministrative": "1602000000", "researchAndDevelopment": "306000000", "operatingExpenses": "2068000000", "investmentIncomeNet": "None", "netInterestIncome": "None", "interestIncome": "15000000", "interestExpense": "None", "nonInterestIncome": "None", "otherNonOperatingIncome": "-79000000", "depreciation": "91000000", "depreciationAndAmortization": "144000000", "incomeBeforeTax": "495000000", "incomeTaxExpense": "57000000", "interestAndDebtExpense": "None", "netIncomeFromContinuingOperations": "438000000", "comprehensiveIncomeNetOfTax": "565000000", "ebit": "574000000", "ebitda": "718000000", "netIncome": "438000000"}, {"fiscalDateEnding": "2021-06-30", "reportedCurrency": "USD", "grossProfit": "2772000000", "totalRevenue": "4294000000", "costOfRevenue": "1522000000", "costofGoodsAndServicesSold": "1522000000", "operatingIncome": "732000000", "sellingGeneralAndAdministrative": "1505000000", "researchAndDevelopment": "310000000", "operatingExpenses": "2040000000", "investmentIncomeNet": "None", "netInterestIncome": "None", "interestIncome": "18000000", "interestExpense": "None", "nonInterestIncome": "None", "otherNonOperatingIncome": "-70000000", "depreciation": "92000000", "depreciationAndAmortization": "149000000", "incomeBeforeTax": "662000000", "incomeTaxExpense": "70000000", "interestAndDebtExpense": "None", "netIncomeFromContinuingOperations": "592000000", "comprehensiveIncomeNetOfTax": "516000000", "ebit": "732000000", "ebitda": "881000000", "netIncome": "592000000"}, {"fiscalDateEnding": "2021-03-31", "reportedCurrency": "USD", "grossProfit": "2509000000", "totalRevenue": "3953000000", "costOfRevenue": "1444000000", "costofGoodsAndServicesSold": "1444000000", "operatingIncome": "459000000", "sellingGeneralAndAdministrative": "1575000000", "researchAndDevelopment": "288000000", "operatingExpenses": "2050000000", "investmentIncomeNet": "None", "netInterestIncome": "None", "interestIncome": "17000000", "interestExpense": "None", "nonInterestIncome": "None", "otherNonOperatingIncome": "-92000000", "depreciation": "95000000", "depreciationAndAmortization": "181000000", "incomeBeforeTax": "367000000", "incomeTaxExpense": "65000000", "interestAndDebtExpense": "None", "netIncomeFromContinuingOperations": "302000000", "comprehensiveIncomeNetOfTax": "592000000", "ebit": "459000000", "ebitda": "640000000", "netIncome": "302000000"}, {"fiscalDateEnding": "2020-12-31", "reportedCurrency": "USD", "grossProfit": "2717000000", "totalRevenue": "4262000000", "costOfRevenue": "1545000000", "costofGoodsAndServicesSold": "1545000000", "operatingIncome": "749000000", "sellingGeneralAndAdministrative": "1562000000", "researchAndDevelopment": "255000000", "operatingExpenses": "1968000000", "investmentIncomeNet": "None", "netInterestIncome": "None", "interestIncome": "18000000", "interestExpense": "None", "nonInterestIncome": "None", "otherNonOperatingIncome": "-78000000", "depreciation": "93000000", "depreciationAndAmortization": "130000000", "incomeBeforeTax": "671000000", "incomeTaxExpense": "103000000", "interestAndDebtExpense": "None", "netIncomeFromContinuingOperations": "671000000", "comprehensiveIncomeNetOfTax": "328000000", "ebit": "749000000", "ebitda": "879000000", "netIncome": "568000000"}, {"fiscalDateEnding": "2020-09-30", "reportedCurrency": "USD", "grossProfit": "2461000000", "totalRevenue": "3737000000", "costOfRevenue": "1276000000", "costofGoodsAndServicesSold": "1276000000", "operatingIncome": "859000000", "sellingGeneralAndAdministrative": "1244000000", "researchAndDevelopment": "242000000", "operatingExpenses": "1602000000", "investmentIncomeNet": "None", "netInterestIncome": "None", "interestIncome": "19000000", "interestExpense": "None", "nonInterestIncome": "None", "otherNonOperatingIncome": "-79000000", "depreciation": "84000000", "depreciationAndAmortization": "114000000", "incomeBeforeTax": "780000000", "incomeTaxExpense": "159000000", "interestAndDebtExpense": "None", "netIncomeFromContinuingOperations": "621000000", "comprehensiveIncomeNetOfTax": "419000000", "ebit": "859000000", "ebitda": "973000000", "netIncome": "621000000"}, {"fiscalDateEnding": "2020-06-30", "reportedCurrency": "USD", "grossProfit": "1548000000", "totalRevenue": "2764000000", "costOfRevenue": "1216000000", "costofGoodsAndServicesSold": "1216000000", "operatingIncome": "-20000000", "sellingGeneralAndAdministrative": "1225000000", "researchAndDevelopment": "233000000", "operatingExpenses": "1568000000", "investmentIncomeNet": "None", "netInterestIncome": "None", "interestIncome": "25000000", "interestExpense": "None", "nonInterestIncome": "None", "otherNonOperatingIncome": "-67000000", "depreciation": "83000000", "depreciationAndAmortization": "110000000", "incomeBeforeTax": "-87000000", "incomeTaxExpense": "-4000000", "interestAndDebtExpense": "None", "netIncomeFromContinuingOperations": "-83000000", "comprehensiveIncomeNetOfTax": "-175000000", "ebit": "-20000000", "ebitda": "90000000", "netIncome": "-83000000"}, {"fiscalDateEnding": "2020-03-31", "reportedCurrency": "USD", "grossProfit": "2331000000", "totalRevenue": "3588000000", "costOfRevenue": "1257000000", "costofGoodsAndServicesSold": "1257000000", "operatingIncome": "635000000", "sellingGeneralAndAdministrative": "1330000000", "researchAndDevelopment": "254000000", "operatingExpenses": "1696000000", "investmentIncomeNet": "None", "netInterestIncome": "None", "interestIncome": "40000000", "interestExpense": "None", "nonInterestIncome": "None", "otherNonOperatingIncome": "-45000000", "depreciation": "80000000", "depreciationAndAmortization": "118000000", "incomeBeforeTax": "590000000", "incomeTaxExpense": "97000000", "interestAndDebtExpense": "None", "netIncomeFromContinuingOperations": "493000000", "comprehensiveIncomeNetOfTax": "476000000", "ebit": "635000000", "ebitda": "753000000", "netIncome": "493000000"}, {"fiscalDateEnding": "2019-12-31", "reportedCurrency": "USD", "grossProfit": "2703000000", "totalRevenue": "4131000000", "costOfRevenue": "1428000000", "costofGoodsAndServicesSold": "1428000000", "operatingIncome": "944000000", "sellingGeneralAndAdministrative": "1380000000", "researchAndDevelopment": "254000000", "operatingExpenses": "1759000000", "investmentIncomeNet": "None", "netInterestIncome": "None", "interestIncome": "56000000", "interestExpense": "-287000000", "nonInterestIncome": "None", "otherNonOperatingIncome": "-8000000", "depreciation": "83000000", "depreciationAndAmortization": "112000000", "incomeBeforeTax": "936000000", "incomeTaxExpense": "211000000", "interestAndDebtExpense": "None", "netIncomeFromContinuingOperations": "936000000", "comprehensiveIncomeNetOfTax": "672000000", "ebit": "944000000", "ebitda": "1056000000", "netIncome": "725000000"}, {"fiscalDateEnding": "2019-09-30", "reportedCurrency": "USD", "grossProfit": "2330000000", "totalRevenue": "3587000000", "costOfRevenue": "1257000000", "costofGoodsAndServicesSold": "1257000000", "operatingIncome": "628000000", "sellingGeneralAndAdministrative": "1291000000", "researchAndDevelopment": "246000000", "operatingExpenses": "1702000000", "investmentIncomeNet": "None", "netInterestIncome": "None", "interestIncome": "37000000", "interestExpense": "-287000000", "nonInterestIncome": "None", "otherNonOperatingIncome": "-47000000", "depreciation": "78000000", "depreciationAndAmortization": "116000000", "incomeBeforeTax": "581000000", "incomeTaxExpense": "115000000", "interestAndDebtExpense": "None", "netIncomeFromContinuingOperations": "466000000", "comprehensiveIncomeNetOfTax": "543000000", "ebit": "628000000", "ebitda": "744000000", "netIncome": "466000000"}, {"fiscalDateEnding": "2019-06-30", "reportedCurrency": "USD", "grossProfit": "2380000000", "totalRevenue": "3650000000", "costOfRevenue": "1270000000", "costofGoodsAndServicesSold": "1270000000", "operatingIncome": "613000000", "sellingGeneralAndAdministrative": "1282000000", "researchAndDevelopment": "246000000", "operatingExpenses": "1767000000", "investmentIncomeNet": "None", "netInterestIncome": "None", "interestIncome": "32000000", "interestExpense": "-287000000", "nonInterestIncome": "None", "otherNonOperatingIncome": "-48000000", "depreciation": "77000000", "depreciationAndAmortization": "122000000", "incomeBeforeTax": "565000000", "incomeTaxExpense": "85000000", "interestAndDebtExpense": "None", "netIncomeFromContinuingOperations": "480000000", "comprehensiveIncomeNetOfTax": "415000000", "ebit": "613000000", "ebitda": "735000000", "netIncome": "480000000"}, {"fiscalDateEnding": "2019-03-31", "reportedCurrency": "USD", "grossProfit": "2283000000", "totalRevenue": "3516000000", "costOfRevenue": "1233000000", "costofGoodsAndServicesSold": "1233000000", "operatingIncome": "528000000", "sellingGeneralAndAdministrative": "1403000000", "researchAndDevelopment": "225000000", "operatingExpenses": "1755000000", "investmentIncomeNet": "None", "netInterestIncome": "None", "interestIncome": "37000000", "interestExpense": "-287000000", "nonInterestIncome": "None", "otherNonOperatingIncome": "-48000000", "depreciation": "76000000", "depreciationAndAmortization": "114000000", "incomeBeforeTax": "480000000", "incomeTaxExpense": "68000000", "interestAndDebtExpense": "None", "netIncomeFromContinuingOperations": "412000000", "comprehensiveIncomeNetOfTax": "478000000", "ebit": "528000000", "ebitda": "642000000", "netIncome": "412000000"}, {"fiscalDateEnding": "2018-12-31", "reportedCurrency": "USD", "grossProfit": "2456000000", "totalRevenue": "3796000000", "costOfRevenue": "1340000000", "costofGoodsAndServicesSold": "1340000000", "operatingIncome": "698000000", "sellingGeneralAndAdministrative": "1431000000", "researchAndDevelopment": "221000000", "operatingExpenses": "1758000000", "investmentIncomeNet": "None", "netInterestIncome": "None", "interestIncome": "None", "interestExpense": "-264000000", "nonInterestIncome": "None", "otherNonOperatingIncome": "-41000000", "depreciation": "83000000", "depreciationAndAmortization": "93000000", "incomeBeforeTax": "657000000", "incomeTaxExpense": "-1411000000", "interestAndDebtExpense": "None", "netIncomeFromContinuingOperations": "657000000", "comprehensiveIncomeNetOfTax": "2041000000", "ebit": "698000000", "ebitda": "791000000", "netIncome": "2068000000"}, {"fiscalDateEnding": "2018-09-30", "reportedCurrency": "USD", "grossProfit": "2155000000", "totalRevenue": "3242000000", "costOfRevenue": "1087000000", "costofGoodsAndServicesSold": "1087000000", "operatingIncome": "576000000", "sellingGeneralAndAdministrative": "1242000000", "researchAndDevelopment": "221000000", "operatingExpenses": "1579000000", "investmentIncomeNet": "None", "netInterestIncome": "None", "interestIncome": "None", "interestExpense": "-264000000", "nonInterestIncome": "None", "otherNonOperatingIncome": "-42000000", "depreciation": "73000000", "depreciationAndAmortization": "112000000", "incomeBeforeTax": "534000000", "incomeTaxExpense": "-56000000", "interestAndDebtExpense": "None", "netIncomeFromContinuingOperations": "590000000", "comprehensiveIncomeNetOfTax": "543000000", "ebit": "576000000", "ebitda": "688000000", "netIncome": "590000000"}, {"fiscalDateEnding": "2018-06-30", "reportedCurrency": "USD", "grossProfit": "2190000000", "totalRevenue": "3322000000", "costOfRevenue": "1132000000", "costofGoodsAndServicesSold": "1132000000", "operatingIncome": "672000000", "sellingGeneralAndAdministrative": "1190000000", "researchAndDevelopment": "216000000", "operatingExpenses": "1518000000", "investmentIncomeNet": "None", "netInterestIncome": "None", "interestIncome": "None", "interestExpense": "-264000000", "nonInterestIncome": "None", "otherNonOperatingIncome": "-49000000", "depreciation": "76000000", "depreciationAndAmortization": "110000000", "incomeBeforeTax": "623000000", "incomeTaxExpense": "171000000", "interestAndDebtExpense": "None", "netIncomeFromContinuingOperations": "452000000", "comprehensiveIncomeNetOfTax": "405000000", "ebit": "672000000", "ebitda": "782000000", "netIncome": "452000000"}, {"fiscalDateEnding": "2018-03-31", "reportedCurrency": "USD", "grossProfit": "2137000000", "totalRevenue": "3241000000", "costOfRevenue": "1104000000", "costofGoodsAndServicesSold": "1104000000", "operatingIncome": "591000000", "sellingGeneralAndAdministrative": "1236000000", "researchAndDevelopment": "204000000", "operatingExpenses": "1546000000", "investmentIncomeNet": "None", "netInterestIncome": "None", "interestIncome": "None", "interestExpense": "-264000000", "nonInterestIncome": "None", "otherNonOperatingIncome": "-49000000", "depreciation": "74000000", "depreciationAndAmortization": "102000000", "incomeBeforeTax": "542000000", "incomeTaxExpense": "99000000", "interestAndDebtExpense": "None", "netIncomeFromContinuingOperations": "443000000", "comprehensiveIncomeNetOfTax": "486000000", "ebit": "591000000", "ebitda": "693000000", "netIncome": "443000000"}, {"fiscalDateEnding": "2017-12-31", "reportedCurrency": "USD", "grossProfit": "2241000000", "totalRevenue": "3471000000", "costOfRevenue": "1230000000", "costofGoodsAndServicesSold": "1232000000", "operatingIncome": "714000000", "sellingGeneralAndAdministrative": "1217000000", "researchAndDevelopment": "205000000", "operatingExpenses": "1527000000", "investmentIncomeNet": "None", "netInterestIncome": "None", "interestIncome": "None", "interestExpense": "-247000000", "nonInterestIncome": "None", "otherNonOperatingIncome": "-63000000", "depreciation": "73000000", "depreciationAndAmortization": "96000000", "incomeBeforeTax": "649000000", "incomeTaxExpense": "898000000", "interestAndDebtExpense": "None", "netIncomeFromContinuingOperations": "649000000", "comprehensiveIncomeNetOfTax": "-304000000", "ebit": "714000000", "ebitda": "810000000", "netIncome": "-249000000"}, {"fiscalDateEnding": "2017-09-30", "reportedCurrency": "USD", "grossProfit": "1984000000", "totalRevenue": "3006000000", "costOfRevenue": "1022000000", "costofGoodsAndServicesSold": "1024000000", "operatingIncome": "525000000", "sellingGeneralAndAdministrative": "1103000000", "researchAndDevelopment": "198000000", "operatingExpenses": "1459000000", "investmentIncomeNet": "None", "netInterestIncome": "None", "interestIncome": "None", "interestExpense": "None", "nonInterestIncome": "None", "otherNonOperatingIncome": "-52000000", "depreciation": "71000000", "depreciationAndAmortization": "92000000", "incomeBeforeTax": "471000000", "incomeTaxExpense": "37000000", "interestAndDebtExpense": "None", "netIncomeFromContinuingOperations": "434000000", "comprehensiveIncomeNetOfTax": "526000000", "ebit": "525000000", "ebitda": "617000000", "netIncome": "434000000"}, {"fiscalDateEnding": "2017-06-30", "reportedCurrency": "USD", "grossProfit": "1991000000", "totalRevenue": "3012000000", "costOfRevenue": "1021000000", "costofGoodsAndServicesSold": "1022000000", "operatingIncome": "502000000", "sellingGeneralAndAdministrative": "1130000000", "researchAndDevelopment": "192000000", "operatingExpenses": "1489000000", "investmentIncomeNet": "None", "netInterestIncome": "None", "interestIncome": "None", "interestExpense": "None", "nonInterestIncome": "None", "otherNonOperatingIncome": "-57000000", "depreciation": "65000000", "depreciationAndAmortization": "95000000", "incomeBeforeTax": "444000000", "incomeTaxExpense": "53000000", "interestAndDebtExpense": "None", "netIncomeFromContinuingOperations": "391000000", "comprehensiveIncomeNetOfTax": "476000000", "ebit": "502000000", "ebitda": "597000000", "netIncome": "391000000"}, {"fiscalDateEnding": "2017-03-31", "reportedCurrency": "USD", "grossProfit": "1964000000", "totalRevenue": "2955000000", "costOfRevenue": "991000000", "costofGoodsAndServicesSold": "993000000", "operatingIncome": "556000000", "sellingGeneralAndAdministrative": "1102000000", "researchAndDevelopment": "192000000", "operatingExpenses": "1408000000", "investmentIncomeNet": "None", "netInterestIncome": "None", "interestIncome": "None", "interestExpense": "None", "nonInterestIncome": "None", "otherNonOperatingIncome": "-55000000", "depreciation": "62000000", "depreciationAndAmortization": "88000000", "incomeBeforeTax": "499000000", "incomeTaxExpense": "55000000", "interestAndDebtExpense": "None", "netIncomeFromContinuingOperations": "444000000", "comprehensiveIncomeNetOfTax": "530000000", "ebit": "556000000", "ebitda": "644000000", "netIncome": "444000000"}, {"fiscalDateEnding": "2016-12-31", "reportedCurrency": "USD", "grossProfit": "2086000000", "totalRevenue": "3182000000", "costOfRevenue": "-2212000000", "costofGoodsAndServicesSold": "1071000000", "operatingIncome": "670000000", "sellingGeneralAndAdministrative": "1093000000", "researchAndDevelopment": "189000000", "operatingExpenses": "1425000000", "investmentIncomeNet": "None", "netInterestIncome": "None", "interestIncome": "None", "interestExpense": "-228000000", "nonInterestIncome": "None", "otherNonOperatingIncome": "-73000000", "depreciation": "62000000", "depreciationAndAmortization": "89000000", "incomeBeforeTax": "588000000", "incomeTaxExpense": "78000000", "interestAndDebtExpense": "None", "netIncomeFromContinuingOperations": "588000000", "comprehensiveIncomeNetOfTax": "349000000", "ebit": "670000000", "ebitda": "759000000", "netIncome": "510000000"}]}