{"symbol": "TJX", "annualReports": [{"fiscalDateEnding": "2021-01-30", "reportedCurrency": "USD", "grossProfit": "7603147000", "totalRevenue": "31551691000", "costOfRevenue": "32412732000", "costofGoodsAndServicesSold": "24533815000", "operatingIncome": "-8739958000", "sellingGeneralAndAdministrative": "7020917000", "researchAndDevelopment": "None", "operatingExpenses": "7878917000", "investmentIncomeNet": "12920000", "netInterestIncome": "-199038000", "interestIncome": "None", "interestExpense": "199038000", "nonInterestIncome": "31750729000", "otherNonOperatingIncome": "None", "depreciation": "858000000", "depreciationAndAmortization": "858000000", "incomeBeforeTax": "89263000", "incomeTaxExpense": "-1207000", "interestAndDebtExpense": "511271000", "netIncomeFromContinuingOperations": "90470000", "comprehensiveIncomeNetOfTax": "157570000", "ebit": "288301000", "ebitda": "1146301000", "netIncome": "90470000"}, {"fiscalDateEnding": "2020-02-01", "reportedCurrency": "USD", "grossProfit": "11871197000", "totalRevenue": "41675577000", "costOfRevenue": "38158768000", "costofGoodsAndServicesSold": "29845780000", "operatingIncome": "-4796179000", "sellingGeneralAndAdministrative": "7454988000", "researchAndDevelopment": "None", "operatingExpenses": "8312988000", "investmentIncomeNet": "49060000", "netInterestIncome": "-61400000", "interestIncome": "None", "interestExpense": "61400000", "nonInterestIncome": "41736977000", "otherNonOperatingIncome": "None", "depreciation": "858000000", "depreciationAndAmortization": "858000000", "incomeBeforeTax": "4406183000", "incomeTaxExpense": "1133990000", "interestAndDebtExpense": "61400000", "netIncomeFromContinuingOperations": "3272193000", "comprehensiveIncomeNetOfTax": "3229343000", "ebit": "4467583000", "ebitda": "5325583000", "netIncome": "3272193000"}, {"fiscalDateEnding": "2019-02-02", "reportedCurrency": "USD", "grossProfit": "11141757000", "totalRevenue": "38977632000", "costOfRevenue": "35609763000", "costofGoodsAndServicesSold": "27831177000", "operatingIncome": "4763227000", "sellingGeneralAndAdministrative": "6923564000", "researchAndDevelopment": "None", "operatingExpenses": "7778586000", "investmentIncomeNet": "55979000", "netInterestIncome": "-69102000", "interestIncome": "None", "interestExpense": "69102000", "nonInterestIncome": "39046734000", "otherNonOperatingIncome": "None", "depreciation": "818900000", "depreciationAndAmortization": "818900000", "incomeBeforeTax": "4173211000", "incomeTaxExpense": "1113413000", "interestAndDebtExpense": "69102000", "netIncomeFromContinuingOperations": "3059798000", "comprehensiveIncomeNetOfTax": "2871336000", "ebit": "4242313000", "ebitda": "5061213000", "netIncome": "3059798000"}, {"fiscalDateEnding": "2018-02-03", "reportedCurrency": "USD", "grossProfit": "10362497000", "totalRevenue": "35766227000", "costOfRevenue": "32703688000", "costofGoodsAndServicesSold": "25502167000", "operatingIncome": "4403208000", "sellingGeneralAndAdministrative": "6375071000", "researchAndDevelopment": "None", "operatingExpenses": "7201521000", "investmentIncomeNet": "32707000", "netInterestIncome": "-69237000", "interestIncome": "None", "interestExpense": "69237000", "nonInterestIncome": "35835464000", "otherNonOperatingIncome": "None", "depreciation": "727200000", "depreciationAndAmortization": "727200000", "incomeBeforeTax": "3856588000", "incomeTaxExpense": "1248640000", "interestAndDebtExpense": "69237000", "netIncomeFromContinuingOperations": "2607948000", "comprehensiveIncomeNetOfTax": "2860315000", "ebit": "3925825000", "ebitda": "4653025000", "netIncome": "2607948000"}, {"fiscalDateEnding": "2017-01-28", "reportedCurrency": "USD", "grossProfit": "9617990000", "totalRevenue": "33057852000", "costOfRevenue": "6432967000", "costofGoodsAndServicesSold": "23565754000", "operatingIncome": "4257759000", "sellingGeneralAndAdministrative": "5768467000", "researchAndDevelopment": "None", "operatingExpenses": "6432967000", "investmentIncomeNet": "18137000", "netInterestIncome": "-69219000", "interestIncome": "None", "interestExpense": "69219000", "nonInterestIncome": "-56673000", "otherNonOperatingIncome": "None", "depreciation": "664500000", "depreciationAndAmortization": "664500000", "incomeBeforeTax": "3723043000", "incomeTaxExpense": "1424809000", "interestAndDebtExpense": "120992000", "netIncomeFromContinuingOperations": "2298234000", "comprehensiveIncomeNetOfTax": "2271480000", "ebit": "3792262000", "ebitda": "4456762000", "netIncome": "2298234000"}], "quarterlyReports": [{"fiscalDateEnding": "2021-07-31", "reportedCurrency": "USD", "grossProfit": "1082993000", "totalRevenue": "11834815000", "costOfRevenue": "10751822000", "costofGoodsAndServicesSold": "8528130000", "operatingIncome": "-1140699000", "sellingGeneralAndAdministrative": "2223692000", "researchAndDevelopment": "None", "operatingExpenses": "2223692000", "investmentIncomeNet": "None", "netInterestIncome": "None", "interestIncome": "None", "interestExpense": "None", "nonInterestIncome": "11834815000", "otherNonOperatingIncome": "None", "depreciation": "213000000", "depreciationAndAmortization": "None", "incomeBeforeTax": "1054332000", "incomeTaxExpense": "268651000", "interestAndDebtExpense": "242248000", "netIncomeFromContinuingOperations": "785681000", "comprehensiveIncomeNetOfTax": "789173000", "ebit": "-1140699000", "ebitda": "None", "netIncome": "785681000"}, {"fiscalDateEnding": "2021-05-01", "reportedCurrency": "USD", "grossProfit": "766034000", "totalRevenue": "10086661000", "costOfRevenue": "9320627000", "costofGoodsAndServicesSold": "7255635000", "operatingIncome": "-1298958000", "sellingGeneralAndAdministrative": "2064992000", "researchAndDevelopment": "None", "operatingExpenses": "2064992000", "investmentIncomeNet": "None", "netInterestIncome": "None", "interestIncome": "None", "interestExpense": "None", "nonInterestIncome": "10086661000", "otherNonOperatingIncome": "None", "depreciation": "212000000", "depreciationAndAmortization": "None", "incomeBeforeTax": "721346000", "incomeTaxExpense": "187416000", "interestAndDebtExpense": "None", "netIncomeFromContinuingOperations": "533930000", "comprehensiveIncomeNetOfTax": "558817000", "ebit": "-1298958000", "ebitda": "None", "netIncome": "533930000"}, {"fiscalDateEnding": "2021-01-30", "reportedCurrency": "USD", "grossProfit": "3060635000", "totalRevenue": "10643210000", "costOfRevenue": "10933676000", "costofGoodsAndServicesSold": "7882575000", "operatingIncome": "3060635000", "sellingGeneralAndAdministrative": "2193101000", "researchAndDevelopment": "None", "operatingExpenses": "3051101000", "investmentIncomeNet": "None", "netInterestIncome": "None", "interestIncome": "None", "interestExpense": "None", "nonInterestIncome": "10643210000", "otherNonOperatingIncome": "None", "depreciation": "208900000", "depreciationAndAmortization": "None", "incomeBeforeTax": "508138000", "incomeTaxExpense": "182615000", "interestAndDebtExpense": "300000000", "netIncomeFromContinuingOperations": "3060635000", "comprehensiveIncomeNetOfTax": "462313000", "ebit": "3060635000", "ebitda": "None", "netIncome": "325523000"}, {"fiscalDateEnding": "2020-10-31", "reportedCurrency": "USD", "grossProfit": "3055004000", "totalRevenue": "10117289000", "costOfRevenue": "9048413000", "costofGoodsAndServicesSold": "7062285000", "operatingIncome": "-917252000", "sellingGeneralAndAdministrative": "1986128000", "researchAndDevelopment": "None", "operatingExpenses": "1986128000", "investmentIncomeNet": "None", "netInterestIncome": "None", "interestIncome": "None", "interestExpense": "None", "nonInterestIncome": "10117289000", "otherNonOperatingIncome": "None", "depreciation": "215600000", "depreciationAndAmortization": "None", "incomeBeforeTax": "1015992000", "incomeTaxExpense": "149336000", "interestAndDebtExpense": "211271000", "netIncomeFromContinuingOperations": "866656000", "comprehensiveIncomeNetOfTax": "846736000", "ebit": "-917252000", "ebitda": "None", "netIncome": "866656000"}, {"fiscalDateEnding": "2020-08-01", "reportedCurrency": "USD", "grossProfit": "1493085000", "totalRevenue": "6667575000", "costOfRevenue": "-5328385000", "costofGoodsAndServicesSold": "5174490000", "operatingIncome": "1493085000", "sellingGeneralAndAdministrative": "1527768000", "researchAndDevelopment": "None", "operatingExpenses": "1527768000", "investmentIncomeNet": "None", "netInterestIncome": "None", "interestIncome": "None", "interestExpense": "None", "nonInterestIncome": "6667575000", "otherNonOperatingIncome": "None", "depreciation": "217000000", "depreciationAndAmortization": "None", "incomeBeforeTax": "-92019000", "incomeTaxExpense": "122201000", "interestAndDebtExpense": "0", "netIncomeFromContinuingOperations": "1493085000", "comprehensiveIncomeNetOfTax": "-139837000", "ebit": "1493085000", "ebitda": "None", "netIncome": "-214220000"}, {"fiscalDateEnding": "2020-05-02", "reportedCurrency": "USD", "grossProfit": "-5577000", "totalRevenue": "4408888000", "costOfRevenue": "5728385000", "costofGoodsAndServicesSold": "4414465000", "operatingIncome": "-5577000", "sellingGeneralAndAdministrative": "1313920000", "researchAndDevelopment": "None", "operatingExpenses": "1313920000", "investmentIncomeNet": "None", "netInterestIncome": "None", "interestIncome": "None", "interestExpense": "None", "nonInterestIncome": "4408888000", "otherNonOperatingIncome": "None", "depreciation": "217000000", "depreciationAndAmortization": "None", "incomeBeforeTax": "-1342848000", "incomeTaxExpense": "-455359000", "interestAndDebtExpense": "None", "netIncomeFromContinuingOperations": "-5577000", "comprehensiveIncomeNetOfTax": "-1011642000", "ebit": "-5577000", "ebitda": "None", "netIncome": "-887489000"}, {"fiscalDateEnding": "2020-02-01", "reportedCurrency": "USD", "grossProfit": "3464657000", "totalRevenue": "12206462000", "costOfRevenue": "11735134000", "costofGoodsAndServicesSold": "8741805000", "operatingIncome": "3464657000", "sellingGeneralAndAdministrative": "2135329000", "researchAndDevelopment": "None", "operatingExpenses": "2993329000", "investmentIncomeNet": "None", "netInterestIncome": "None", "interestIncome": "None", "interestExpense": "None", "nonInterestIncome": "12206462000", "otherNonOperatingIncome": "None", "depreciation": "217500000", "depreciationAndAmortization": "None", "incomeBeforeTax": "1326275000", "incomeTaxExpense": "341485000", "interestAndDebtExpense": "None", "netIncomeFromContinuingOperations": "3464657000", "comprehensiveIncomeNetOfTax": "949033000", "ebit": "3464657000", "ebitda": "None", "netIncome": "984790000"}, {"fiscalDateEnding": "2019-11-02", "reportedCurrency": "USD", "grossProfit": "3011301000", "totalRevenue": "10451334000", "costOfRevenue": "9325956000", "costofGoodsAndServicesSold": "7440033000", "operatingIncome": "3011301000", "sellingGeneralAndAdministrative": "1885923000", "researchAndDevelopment": "None", "operatingExpenses": "1885923000", "investmentIncomeNet": "None", "netInterestIncome": "None", "interestIncome": "None", "interestExpense": "None", "nonInterestIncome": "10451334000", "otherNonOperatingIncome": "None", "depreciation": "216300000", "depreciationAndAmortization": "None", "incomeBeforeTax": "1122119000", "incomeTaxExpense": "293856000", "interestAndDebtExpense": "None", "netIncomeFromContinuingOperations": "3011301000", "comprehensiveIncomeNetOfTax": "903674000", "ebit": "3011301000", "ebitda": "None", "netIncome": "828263000"}, {"fiscalDateEnding": "2019-08-03", "reportedCurrency": "USD", "grossProfit": "2755539000", "totalRevenue": "9781596000", "costOfRevenue": "8757392000", "costofGoodsAndServicesSold": "7026057000", "operatingIncome": "2755539000", "sellingGeneralAndAdministrative": "1731335000", "researchAndDevelopment": "None", "operatingExpenses": "1731335000", "investmentIncomeNet": "None", "netInterestIncome": "None", "interestIncome": "None", "interestExpense": "None", "nonInterestIncome": "9781596000", "otherNonOperatingIncome": "None", "depreciation": "214500000", "depreciationAndAmortization": "None", "incomeBeforeTax": "1021307000", "incomeTaxExpense": "262345000", "interestAndDebtExpense": "None", "netIncomeFromContinuingOperations": "2755539000", "comprehensiveIncomeNetOfTax": "679419000", "ebit": "2755539000", "ebitda": "None", "netIncome": "758962000"}, {"fiscalDateEnding": "2019-05-04", "reportedCurrency": "USD", "grossProfit": "2639700000", "totalRevenue": "9277585000", "costOfRevenue": "8340286000", "costofGoodsAndServicesSold": "6637885000", "operatingIncome": "2639700000", "sellingGeneralAndAdministrative": "1702401000", "researchAndDevelopment": "None", "operatingExpenses": "1702401000", "investmentIncomeNet": "None", "netInterestIncome": "None", "interestIncome": "None", "interestExpense": "None", "nonInterestIncome": "9277585000", "otherNonOperatingIncome": "None", "depreciation": "209700000", "depreciationAndAmortization": "None", "incomeBeforeTax": "936482000", "incomeTaxExpense": "236304000", "interestAndDebtExpense": "None", "netIncomeFromContinuingOperations": "2639700000", "comprehensiveIncomeNetOfTax": "697217000", "ebit": "2639700000", "ebitda": "None", "netIncome": "700178000"}, {"fiscalDateEnding": "2019-02-02", "reportedCurrency": "USD", "grossProfit": "3093700000", "totalRevenue": "11127340000", "costOfRevenue": "10769167000", "costofGoodsAndServicesSold": "8033640000", "operatingIncome": "1325967000", "sellingGeneralAndAdministrative": "1916627000", "researchAndDevelopment": "None", "operatingExpenses": "2720953000", "investmentIncomeNet": "None", "netInterestIncome": "None", "interestIncome": "None", "interestExpense": "None", "nonInterestIncome": "11127340000", "otherNonOperatingIncome": "None", "depreciation": "217400000", "depreciationAndAmortization": "None", "incomeBeforeTax": "1178578000", "incomeTaxExpense": "337040000", "interestAndDebtExpense": "None", "netIncomeFromContinuingOperations": "3093700000", "comprehensiveIncomeNetOfTax": "803064000", "ebit": "1325967000", "ebitda": "None", "netIncome": "841538000"}, {"fiscalDateEnding": "2018-11-03", "reportedCurrency": "USD", "grossProfit": "2842276000", "totalRevenue": "9825759000", "costOfRevenue": "8776053000", "costofGoodsAndServicesSold": "6983483000", "operatingIncome": "1213603000", "sellingGeneralAndAdministrative": "1756448000", "researchAndDevelopment": "None", "operatingExpenses": "1792570000", "investmentIncomeNet": "None", "netInterestIncome": "None", "interestIncome": "None", "interestExpense": "None", "nonInterestIncome": "9825759000", "otherNonOperatingIncome": "None", "depreciation": "203600000", "depreciationAndAmortization": "None", "incomeBeforeTax": "1046518000", "incomeTaxExpense": "284265000", "interestAndDebtExpense": "None", "netIncomeFromContinuingOperations": "2842276000", "comprehensiveIncomeNetOfTax": "768804000", "ebit": "1213603000", "ebitda": "None", "netIncome": "762253000"}, {"fiscalDateEnding": "2018-08-04", "reportedCurrency": "USD", "grossProfit": "2695300000", "totalRevenue": "9331115000", "costOfRevenue": "8335529000", "costofGoodsAndServicesSold": "6635815000", "operatingIncome": "1159831000", "sellingGeneralAndAdministrative": "1699714000", "researchAndDevelopment": "None", "operatingExpenses": "1699714000", "investmentIncomeNet": "None", "netInterestIncome": "None", "interestIncome": "None", "interestExpense": "None", "nonInterestIncome": "9331115000", "otherNonOperatingIncome": "None", "depreciation": "204200000", "depreciationAndAmortization": "None", "incomeBeforeTax": "992557000", "incomeTaxExpense": "252931000", "interestAndDebtExpense": "None", "netIncomeFromContinuingOperations": "2695300000", "comprehensiveIncomeNetOfTax": "696758000", "ebit": "1159831000", "ebitda": "None", "netIncome": "739626000"}, {"fiscalDateEnding": "2018-05-05", "reportedCurrency": "USD", "grossProfit": "2510481000", "totalRevenue": "8688720000", "costOfRevenue": "7729014000", "costofGoodsAndServicesSold": "6178239000", "operatingIncome": "1063826000", "sellingGeneralAndAdministrative": "1550775000", "researchAndDevelopment": "None", "operatingExpenses": "1552519000", "investmentIncomeNet": "None", "netInterestIncome": "None", "interestIncome": "None", "interestExpense": "None", "nonInterestIncome": "8688720000", "otherNonOperatingIncome": "None", "depreciation": "193700000", "depreciationAndAmortization": "None", "incomeBeforeTax": "955558000", "incomeTaxExpense": "239177000", "interestAndDebtExpense": "None", "netIncomeFromContinuingOperations": "2510481000", "comprehensiveIncomeNetOfTax": "602710000", "ebit": "1063826000", "ebitda": "None", "netIncome": "716381000"}, {"fiscalDateEnding": "2018-02-03", "reportedCurrency": "USD", "grossProfit": "3111320000", "totalRevenue": "10960720000", "costOfRevenue": "28224218000", "costofGoodsAndServicesSold": "7849400000", "operatingIncome": "1320324000", "sellingGeneralAndAdministrative": "1895601000", "researchAndDevelopment": "None", "operatingExpenses": "2722051000", "investmentIncomeNet": "None", "netInterestIncome": "None", "interestIncome": "None", "interestExpense": "None", "nonInterestIncome": "10960720000", "otherNonOperatingIncome": "None", "depreciation": "193200000", "depreciationAndAmortization": "None", "incomeBeforeTax": "1112380000", "incomeTaxExpense": "235104000", "interestAndDebtExpense": "None", "netIncomeFromContinuingOperations": "3111320000", "comprehensiveIncomeNetOfTax": "1038336000", "ebit": "1320324000", "ebitda": "None", "netIncome": "877276000"}, {"fiscalDateEnding": "2017-10-28", "reportedCurrency": "USD", "grossProfit": "2612200000", "totalRevenue": "8762220000", "costOfRevenue": "1584219000", "costofGoodsAndServicesSold": "6150020000", "operatingIncome": "1123465000", "sellingGeneralAndAdministrative": "1584219000", "researchAndDevelopment": "None", "operatingExpenses": "1584219000", "investmentIncomeNet": "None", "netInterestIncome": "None", "interestIncome": "None", "interestExpense": "None", "nonInterestIncome": "8762220000", "otherNonOperatingIncome": "None", "depreciation": "186900000", "depreciationAndAmortization": "None", "incomeBeforeTax": "1020000000", "incomeTaxExpense": "378564000", "interestAndDebtExpense": "None", "netIncomeFromContinuingOperations": "641436000", "comprehensiveIncomeNetOfTax": "599247000", "ebit": "1123465000", "ebitda": "None", "netIncome": "641436000"}, {"fiscalDateEnding": "2017-07-29", "reportedCurrency": "USD", "grossProfit": "2385025000", "totalRevenue": "8357700000", "costOfRevenue": "1483648000", "costofGoodsAndServicesSold": "5972675000", "operatingIncome": "1010422000", "sellingGeneralAndAdministrative": "1483648000", "researchAndDevelopment": "None", "operatingExpenses": "1483648000", "investmentIncomeNet": "None", "netInterestIncome": "None", "interestIncome": "None", "interestExpense": "None", "nonInterestIncome": "8357700000", "otherNonOperatingIncome": "None", "depreciation": "174500000", "depreciationAndAmortization": "None", "incomeBeforeTax": "891700000", "incomeTaxExpense": "338743000", "interestAndDebtExpense": "None", "netIncomeFromContinuingOperations": "552957000", "comprehensiveIncomeNetOfTax": "687661000", "ebit": "1010422000", "ebitda": "None", "netIncome": "552957000"}, {"fiscalDateEnding": "2017-04-29", "reportedCurrency": "USD", "grossProfit": "2253952000", "totalRevenue": "7784024000", "costOfRevenue": "1411603000", "costofGoodsAndServicesSold": "None", "operatingIncome": "948997000", "sellingGeneralAndAdministrative": "1411603000", "researchAndDevelopment": "None", "operatingExpenses": "1411603000", "investmentIncomeNet": "None", "netInterestIncome": "None", "interestIncome": "None", "interestExpense": "None", "nonInterestIncome": "-1059000", "otherNonOperatingIncome": "None", "depreciation": "172600000", "depreciationAndAmortization": "None", "incomeBeforeTax": "832508000", "incomeTaxExpense": "296229000", "interestAndDebtExpense": "None", "netIncomeFromContinuingOperations": "536279000", "comprehensiveIncomeNetOfTax": "535071000", "ebit": "948997000", "ebitda": "None", "netIncome": "536279000"}, {"fiscalDateEnding": "2017-01-28", "reportedCurrency": "USD", "grossProfit": "2680870000", "totalRevenue": "9467647000", "costOfRevenue": "31173000", "costofGoodsAndServicesSold": "None", "operatingIncome": "1220536000", "sellingGeneralAndAdministrative": "1577595000", "researchAndDevelopment": "None", "operatingExpenses": "31173000", "investmentIncomeNet": "None", "netInterestIncome": "None", "interestIncome": "None", "interestExpense": "None", "nonInterestIncome": "-4900000", "otherNonOperatingIncome": "None", "depreciation": "180000000", "depreciationAndAmortization": "None", "incomeBeforeTax": "1093659000", "incomeTaxExpense": "415731000", "interestAndDebtExpense": "69219000", "netIncomeFromContinuingOperations": "2680870000", "comprehensiveIncomeNetOfTax": "785259000", "ebit": "1220536000", "ebitda": "None", "netIncome": "677928000"}, {"fiscalDateEnding": "2016-10-29", "reportedCurrency": "USD", "grossProfit": "2447815000", "totalRevenue": "8239915000", "costOfRevenue": "1462574000", "costofGoodsAndServicesSold": "None", "operatingIncome": "1083143000", "sellingGeneralAndAdministrative": "1462574000", "researchAndDevelopment": "None", "operatingExpenses": "1462574000", "investmentIncomeNet": "None", "netInterestIncome": "None", "interestIncome": "None", "interestExpense": "None", "nonInterestIncome": "-51773000", "otherNonOperatingIncome": "None", "depreciation": "162800000", "depreciationAndAmortization": "None", "incomeBeforeTax": "889833000", "incomeTaxExpense": "340047000", "interestAndDebtExpense": "51773000", "netIncomeFromContinuingOperations": "549786000", "comprehensiveIncomeNetOfTax": "407909000", "ebit": "1083143000", "ebitda": "None", "netIncome": "549786000"}]}