{"symbol": "TROW", "annualReports": [{"fiscalDateEnding": "2020-12-31", "reportedCurrency": "USD", "grossProfit": "3592400000", "totalRevenue": "6206700000", "costOfRevenue": "2614300000", "costofGoodsAndServicesSold": "2616400000", "operatingIncome": "2745700000", "sellingGeneralAndAdministrative": "431900000", "researchAndDevelopment": "None", "operatingExpenses": "3461000000", "investmentIncomeNet": "None", "netInterestIncome": "None", "interestIncome": "None", "interestExpense": "None", "nonInterestIncome": "6206700000", "otherNonOperatingIncome": "-2000000", "depreciation": "None", "depreciationAndAmortization": "189600000", "incomeBeforeTax": "3091600000", "incomeTaxExpense": "718900000", "interestAndDebtExpense": "None", "netIncomeFromContinuingOperations": "2523300000", "comprehensiveIncomeNetOfTax": "2392700000", "ebit": "2745700000", "ebitda": "3281200000", "netIncome": "2372700000"}, {"fiscalDateEnding": "2019-12-31", "reportedCurrency": "USD", "grossProfit": "3201000000", "totalRevenue": "5617900000", "costOfRevenue": "2416900000", "costofGoodsAndServicesSold": "2384900000", "operatingIncome": "2387000000", "sellingGeneralAndAdministrative": "447700000", "researchAndDevelopment": "None", "operatingExpenses": "3230900000", "investmentIncomeNet": "None", "netInterestIncome": "None", "interestIncome": "533200000", "interestExpense": "None", "nonInterestIncome": "5617900000", "otherNonOperatingIncome": "7000000", "depreciation": "None", "depreciationAndAmortization": "190800000", "incomeBeforeTax": "2809700000", "incomeTaxExpense": "678400000", "interestAndDebtExpense": "None", "netIncomeFromContinuingOperations": "2248900000", "comprehensiveIncomeNetOfTax": "2130300000", "ebit": "2387000000", "ebitda": "3000500000", "netIncome": "2131300000"}, {"fiscalDateEnding": "2018-12-31", "reportedCurrency": "USD", "grossProfit": "2968800000", "totalRevenue": "5372600000", "costOfRevenue": "2403800000", "costofGoodsAndServicesSold": "2246900000", "operatingIncome": "2361400000", "sellingGeneralAndAdministrative": "435700000", "researchAndDevelopment": "None", "operatingExpenses": "3011200000", "investmentIncomeNet": "None", "netInterestIncome": "None", "interestIncome": "26300000", "interestExpense": "None", "nonInterestIncome": "5372600000", "otherNonOperatingIncome": "-3100000", "depreciation": "159500000", "depreciationAndAmortization": "159500000", "incomeBeforeTax": "2453400000", "incomeTaxExpense": "615900000", "interestAndDebtExpense": "None", "netIncomeFromContinuingOperations": "1768700000", "comprehensiveIncomeNetOfTax": "1809300000", "ebit": "2361400000", "ebitda": "2520900000", "netIncome": "1837500000"}, {"fiscalDateEnding": "2017-12-31", "reportedCurrency": "USD", "grossProfit": "2856500000", "totalRevenue": "4793000000", "costOfRevenue": "1936500000", "costofGoodsAndServicesSold": "1811900000", "operatingIncome": "2108800000", "sellingGeneralAndAdministrative": "1792900000", "researchAndDevelopment": "None", "operatingExpenses": "2746100000", "investmentIncomeNet": "None", "netInterestIncome": "None", "interestIncome": "392200000", "interestExpense": "None", "nonInterestIncome": "4793000000", "otherNonOperatingIncome": "4100000", "depreciation": "143600000", "depreciationAndAmortization": "143600000", "incomeBeforeTax": "2421700000", "incomeTaxExpense": "923900000", "interestAndDebtExpense": "None", "netIncomeFromContinuingOperations": "1581200000", "comprehensiveIncomeNetOfTax": "1482700000", "ebit": "2108800000", "ebitda": "2252400000", "netIncome": "1497800000"}, {"fiscalDateEnding": "2016-12-31", "reportedCurrency": "USD", "grossProfit": "2482800000", "totalRevenue": "4222900000", "costOfRevenue": "1740100000", "costofGoodsAndServicesSold": "None", "operatingIncome": "1733400000", "sellingGeneralAndAdministrative": "1606700000", "researchAndDevelopment": "None", "operatingExpenses": "2551400000", "investmentIncomeNet": "None", "netInterestIncome": "None", "interestIncome": "None", "interestExpense": "None", "nonInterestIncome": "4222900000", "otherNonOperatingIncome": "-2000000", "depreciation": "133400000", "depreciationAndAmortization": "133400000", "incomeBeforeTax": "1921500000", "incomeTaxExpense": "706500000", "interestAndDebtExpense": "None", "netIncomeFromContinuingOperations": "1254000000", "comprehensiveIncomeNetOfTax": "1172400000", "ebit": "1733400000", "ebitda": "1866800000", "netIncome": "1215000000"}], "quarterlyReports": [{"fiscalDateEnding": "2021-09-30", "reportedCurrency": "USD", "grossProfit": "1285600000", "totalRevenue": "1954100000", "costOfRevenue": "668500000", "costofGoodsAndServicesSold": "730900000", "operatingIncome": "996200000", "sellingGeneralAndAdministrative": "103900000", "researchAndDevelopment": "None", "operatingExpenses": "957900000", "investmentIncomeNet": "None", "netInterestIncome": "None", "interestIncome": "None", "interestExpense": "None", "nonInterestIncome": "1954100000", "otherNonOperatingIncome": "-3100000", "depreciation": "51700000", "depreciationAndAmortization": "51700000", "incomeBeforeTax": "1004500000", "incomeTaxExpense": "227300000", "interestAndDebtExpense": "None", "netIncomeFromContinuingOperations": "757400000", "comprehensiveIncomeNetOfTax": "776500000", "ebit": "996200000", "ebitda": "1047900000", "netIncome": "777200000"}, {"fiscalDateEnding": "2021-06-30", "reportedCurrency": "USD", "grossProfit": "1213400000", "totalRevenue": "1929300000", "costOfRevenue": "715900000", "costofGoodsAndServicesSold": "739800000", "operatingIncome": "958100000", "sellingGeneralAndAdministrative": "112100000", "researchAndDevelopment": "None", "operatingExpenses": "971200000", "investmentIncomeNet": "None", "netInterestIncome": "None", "interestIncome": "None", "interestExpense": "None", "nonInterestIncome": "1929300000", "otherNonOperatingIncome": "700000", "depreciation": "50400000", "depreciationAndAmortization": "50400000", "incomeBeforeTax": "1075000000", "incomeTaxExpense": "259300000", "interestAndDebtExpense": "None", "netIncomeFromContinuingOperations": "842700000", "comprehensiveIncomeNetOfTax": "817500000", "ebit": "958100000", "ebitda": "1008500000", "netIncome": "815700000"}, {"fiscalDateEnding": "2021-03-31", "reportedCurrency": "USD", "grossProfit": "1088100000", "totalRevenue": "1826800000", "costOfRevenue": "738700000", "costofGoodsAndServicesSold": "710100000", "operatingIncome": "893200000", "sellingGeneralAndAdministrative": "106200000", "researchAndDevelopment": "None", "operatingExpenses": "933600000", "investmentIncomeNet": "None", "netInterestIncome": "None", "interestIncome": "None", "interestExpense": "None", "nonInterestIncome": "1826800000", "otherNonOperatingIncome": "-3700000", "depreciation": "49000000", "depreciationAndAmortization": "49000000", "incomeBeforeTax": "979900000", "incomeTaxExpense": "230500000", "interestAndDebtExpense": "None", "netIncomeFromContinuingOperations": "764800000", "comprehensiveIncomeNetOfTax": "741900000", "ebit": "893200000", "ebitda": "942200000", "netIncome": "749400000"}, {"fiscalDateEnding": "2020-12-31", "reportedCurrency": "USD", "grossProfit": "1732900000", "totalRevenue": "1732900000", "costOfRevenue": "637800000", "costofGoodsAndServicesSold": "755200000", "operatingIncome": "755900000", "sellingGeneralAndAdministrative": "141400000", "researchAndDevelopment": "None", "operatingExpenses": "977000000", "investmentIncomeNet": "None", "netInterestIncome": "None", "interestIncome": "None", "interestExpense": "None", "nonInterestIncome": "1732900000", "otherNonOperatingIncome": "5500000", "depreciation": "None", "depreciationAndAmortization": "45600000", "incomeBeforeTax": "999800000", "incomeTaxExpense": "216400000", "interestAndDebtExpense": "None", "netIncomeFromContinuingOperations": "1732900000", "comprehensiveIncomeNetOfTax": "803100000", "ebit": "755900000", "ebitda": "1045400000", "netIncome": "783400000"}, {"fiscalDateEnding": "2020-09-30", "reportedCurrency": "USD", "grossProfit": "954800000", "totalRevenue": "1595800000", "costOfRevenue": "641000000", "costofGoodsAndServicesSold": "662600000", "operatingIncome": "728900000", "sellingGeneralAndAdministrative": "88700000", "researchAndDevelopment": "None", "operatingExpenses": "866900000", "investmentIncomeNet": "None", "netInterestIncome": "None", "interestIncome": "None", "interestExpense": "None", "nonInterestIncome": "1595800000", "otherNonOperatingIncome": "5800000", "depreciation": "49700000", "depreciationAndAmortization": "49700000", "incomeBeforeTax": "865100000", "incomeTaxExpense": "221900000", "interestAndDebtExpense": "None", "netIncomeFromContinuingOperations": "698600000", "comprehensiveIncomeNetOfTax": "652700000", "ebit": "728900000", "ebitda": "778600000", "netIncome": "643200000"}, {"fiscalDateEnding": "2020-06-30", "reportedCurrency": "USD", "grossProfit": "766600000", "totalRevenue": "1415400000", "costOfRevenue": "648800000", "costofGoodsAndServicesSold": "650600000", "operatingIncome": "553700000", "sellingGeneralAndAdministrative": "99800000", "researchAndDevelopment": "None", "operatingExpenses": "861700000", "investmentIncomeNet": "None", "netInterestIncome": "None", "interestIncome": "None", "interestExpense": "None", "nonInterestIncome": "1415400000", "otherNonOperatingIncome": "2000000", "depreciation": "48200000", "depreciationAndAmortization": "48200000", "incomeBeforeTax": "843300000", "incomeTaxExpense": "240300000", "interestAndDebtExpense": "None", "netIncomeFromContinuingOperations": "728500000", "comprehensiveIncomeNetOfTax": "599900000", "ebit": "553700000", "ebitda": "601900000", "netIncome": "603000000"}, {"fiscalDateEnding": "2020-03-31", "reportedCurrency": "USD", "grossProfit": "873800000", "totalRevenue": "1462600000", "costOfRevenue": "588800000", "costofGoodsAndServicesSold": "548000000", "operatingIncome": "707200000", "sellingGeneralAndAdministrative": "102000000", "researchAndDevelopment": "None", "operatingExpenses": "755400000", "investmentIncomeNet": "None", "netInterestIncome": "None", "interestIncome": "-485000000", "interestExpense": "None", "nonInterestIncome": "1462600000", "otherNonOperatingIncome": "-15400000", "depreciation": "46100000", "depreciationAndAmortization": "46100000", "incomeBeforeTax": "383400000", "incomeTaxExpense": "40300000", "interestAndDebtExpense": "None", "netIncomeFromContinuingOperations": "166600000", "comprehensiveIncomeNetOfTax": "337000000", "ebit": "707200000", "ebitda": "753300000", "netIncome": "343100000"}, {"fiscalDateEnding": "2019-12-31", "reportedCurrency": "USD", "grossProfit": "1468700000", "totalRevenue": "1468700000", "costOfRevenue": "540200000", "costofGoodsAndServicesSold": "633000000", "operatingIncome": "580300000", "sellingGeneralAndAdministrative": "143700000", "researchAndDevelopment": "None", "operatingExpenses": "888400000", "investmentIncomeNet": "None", "netInterestIncome": "None", "interestIncome": "163000000", "interestExpense": "None", "nonInterestIncome": "1468700000", "otherNonOperatingIncome": "7000000", "depreciation": "None", "depreciationAndAmortization": "59100000", "incomeBeforeTax": "701700000", "incomeTaxExpense": "156400000", "interestAndDebtExpense": "None", "netIncomeFromContinuingOperations": "1468700000", "comprehensiveIncomeNetOfTax": "551000000", "ebit": "580300000", "ebitda": "760800000", "netIncome": "545300000"}, {"fiscalDateEnding": "2019-09-30", "reportedCurrency": "USD", "grossProfit": "861000000", "totalRevenue": "1426700000", "costOfRevenue": "565700000", "costofGoodsAndServicesSold": "568800000", "operatingIncome": "659100000", "sellingGeneralAndAdministrative": "99400000", "researchAndDevelopment": "None", "operatingExpenses": "767600000", "investmentIncomeNet": "None", "netInterestIncome": "None", "interestIncome": "43800000", "interestExpense": "None", "nonInterestIncome": "1426700000", "otherNonOperatingIncome": "-700000", "depreciation": "45700000", "depreciationAndAmortization": "45700000", "incomeBeforeTax": "702900000", "incomeTaxExpense": "157000000", "interestAndDebtExpense": "None", "netIncomeFromContinuingOperations": "545100000", "comprehensiveIncomeNetOfTax": "535700000", "ebit": "659100000", "ebitda": "704800000", "netIncome": "545900000"}, {"fiscalDateEnding": "2019-06-30", "reportedCurrency": "USD", "grossProfit": "809300000", "totalRevenue": "1395200000", "costOfRevenue": "585900000", "costofGoodsAndServicesSold": "581000000", "operatingIncome": "615100000", "sellingGeneralAndAdministrative": "102700000", "researchAndDevelopment": "None", "operatingExpenses": "780100000", "investmentIncomeNet": "None", "netInterestIncome": "None", "interestIncome": "124500000", "interestExpense": "None", "nonInterestIncome": "1395200000", "otherNonOperatingIncome": "-100000", "depreciation": "44100000", "depreciationAndAmortization": "44100000", "incomeBeforeTax": "711200000", "incomeTaxExpense": "183700000", "interestAndDebtExpense": "None", "netIncomeFromContinuingOperations": "555900000", "comprehensiveIncomeNetOfTax": "530600000", "ebit": "615100000", "ebitda": "659200000", "netIncome": "527500000"}, {"fiscalDateEnding": "2019-03-31", "reportedCurrency": "USD", "grossProfit": "699300000", "totalRevenue": "1327300000", "costOfRevenue": "628000000", "costofGoodsAndServicesSold": "602100000", "operatingIncome": "532500000", "sellingGeneralAndAdministrative": "94600000", "researchAndDevelopment": "None", "operatingExpenses": "794800000", "investmentIncomeNet": "None", "netInterestIncome": "None", "interestIncome": "201900000", "interestExpense": "None", "nonInterestIncome": "1327300000", "otherNonOperatingIncome": "800000", "depreciation": "41900000", "depreciationAndAmortization": "41900000", "incomeBeforeTax": "693900000", "incomeTaxExpense": "181300000", "interestAndDebtExpense": "None", "netIncomeFromContinuingOperations": "554000000", "comprehensiveIncomeNetOfTax": "513000000", "ebit": "532500000", "ebitda": "574400000", "netIncome": "512600000"}, {"fiscalDateEnding": "2018-12-31", "reportedCurrency": "USD", "grossProfit": "1305000000", "totalRevenue": "1305000000", "costOfRevenue": "654600000", "costofGoodsAndServicesSold": "564800000", "operatingIncome": "542300000", "sellingGeneralAndAdministrative": "153100000", "researchAndDevelopment": "None", "operatingExpenses": "762700000", "investmentIncomeNet": "None", "netInterestIncome": "None", "interestIncome": "None", "interestExpense": "-57300000", "nonInterestIncome": "1305000000", "otherNonOperatingIncome": "-1700000", "depreciation": "44600000", "depreciationAndAmortization": "44600000", "incomeBeforeTax": "470300000", "incomeTaxExpense": "118400000", "interestAndDebtExpense": "None", "netIncomeFromContinuingOperations": "1305000000", "comprehensiveIncomeNetOfTax": "340900000", "ebit": "542300000", "ebitda": "586900000", "netIncome": "351900000"}, {"fiscalDateEnding": "2018-09-30", "reportedCurrency": "USD", "grossProfit": "846400000", "totalRevenue": "1394600000", "costOfRevenue": "548200000", "costofGoodsAndServicesSold": "563600000", "operatingIncome": "640600000", "sellingGeneralAndAdministrative": "93900000", "researchAndDevelopment": "None", "operatingExpenses": "754000000", "investmentIncomeNet": "None", "netInterestIncome": "None", "interestIncome": "None", "interestExpense": "-57300000", "nonInterestIncome": "1394600000", "otherNonOperatingIncome": "100000", "depreciation": "40200000", "depreciationAndAmortization": "40200000", "incomeBeforeTax": "766900000", "incomeTaxExpense": "183900000", "interestAndDebtExpense": "None", "netIncomeFromContinuingOperations": "581600000", "comprehensiveIncomeNetOfTax": "575700000", "ebit": "640600000", "ebitda": "680800000", "netIncome": "583000000"}, {"fiscalDateEnding": "2018-06-30", "reportedCurrency": "USD", "grossProfit": "796600000", "totalRevenue": "1345000000", "costOfRevenue": "548400000", "costofGoodsAndServicesSold": "564700000", "operatingIncome": "594700000", "sellingGeneralAndAdministrative": "92400000", "researchAndDevelopment": "None", "operatingExpenses": "750300000", "investmentIncomeNet": "None", "netInterestIncome": "None", "interestIncome": "None", "interestExpense": "-57300000", "nonInterestIncome": "1345000000", "otherNonOperatingIncome": "-2400000", "depreciation": "37800000", "depreciationAndAmortization": "37800000", "incomeBeforeTax": "618100000", "incomeTaxExpense": "169200000", "interestAndDebtExpense": "None", "netIncomeFromContinuingOperations": "459600000", "comprehensiveIncomeNetOfTax": "431600000", "ebit": "594700000", "ebitda": "632500000", "netIncome": "448900000"}, {"fiscalDateEnding": "2018-03-31", "reportedCurrency": "USD", "grossProfit": "753400000", "totalRevenue": "1328000000", "costOfRevenue": "574600000", "costofGoodsAndServicesSold": "553800000", "operatingIncome": "583800000", "sellingGeneralAndAdministrative": "537700000", "researchAndDevelopment": "None", "operatingExpenses": "744200000", "investmentIncomeNet": "None", "netInterestIncome": "None", "interestIncome": "None", "interestExpense": "-57300000", "nonInterestIncome": "1328000000", "otherNonOperatingIncome": "900000", "depreciation": "36900000", "depreciationAndAmortization": "36900000", "incomeBeforeTax": "598100000", "incomeTaxExpense": "144400000", "interestAndDebtExpense": "None", "netIncomeFromContinuingOperations": "455500000", "comprehensiveIncomeNetOfTax": "461100000", "ebit": "583800000", "ebitda": "620700000", "netIncome": "453700000"}, {"fiscalDateEnding": "2017-12-31", "reportedCurrency": "USD", "grossProfit": "1286100000", "totalRevenue": "1286100000", "costOfRevenue": "565100000", "costofGoodsAndServicesSold": "484300000", "operatingIncome": "531000000", "sellingGeneralAndAdministrative": "565100000", "researchAndDevelopment": "None", "operatingExpenses": "766600000", "investmentIncomeNet": "None", "netInterestIncome": "None", "interestIncome": "None", "interestExpense": "-38000000", "nonInterestIncome": "1286100000", "otherNonOperatingIncome": "700000", "depreciation": "36700000", "depreciationAndAmortization": "36700000", "incomeBeforeTax": "593500000", "incomeTaxExpense": "246400000", "interestAndDebtExpense": "None", "netIncomeFromContinuingOperations": "1286100000", "comprehensiveIncomeNetOfTax": "344000000", "ebit": "531000000", "ebitda": "567700000", "netIncome": "347100000"}, {"fiscalDateEnding": "2017-09-30", "reportedCurrency": "USD", "grossProfit": "755300000", "totalRevenue": "1221700000", "costOfRevenue": "466400000", "costofGoodsAndServicesSold": "454800000", "operatingIncome": "548500000", "sellingGeneralAndAdministrative": "431400000", "researchAndDevelopment": "None", "operatingExpenses": "690200000", "investmentIncomeNet": "None", "netInterestIncome": "None", "interestIncome": "None", "interestExpense": "-72800000", "nonInterestIncome": "1221700000", "otherNonOperatingIncome": "900000", "depreciation": "35000000", "depreciationAndAmortization": "35000000", "incomeBeforeTax": "602500000", "incomeTaxExpense": "211600000", "interestAndDebtExpense": "None", "netIncomeFromContinuingOperations": "404200000", "comprehensiveIncomeNetOfTax": "402000000", "ebit": "548500000", "ebitda": "583500000", "netIncome": "390900000"}, {"fiscalDateEnding": "2017-06-30", "reportedCurrency": "USD", "grossProfit": "712900000", "totalRevenue": "1171600000", "costOfRevenue": "458700000", "costofGoodsAndServicesSold": "440200000", "operatingIncome": "507600000", "sellingGeneralAndAdministrative": "422400000", "researchAndDevelopment": "None", "operatingExpenses": "678400000", "investmentIncomeNet": "None", "netInterestIncome": "None", "interestIncome": "None", "interestExpense": "None", "nonInterestIncome": "1171600000", "otherNonOperatingIncome": "1200000", "depreciation": "36300000", "depreciationAndAmortization": "36300000", "incomeBeforeTax": "603500000", "incomeTaxExpense": "229600000", "interestAndDebtExpense": "None", "netIncomeFromContinuingOperations": "390000000", "comprehensiveIncomeNetOfTax": "367700000", "ebit": "507600000", "ebitda": "543900000", "netIncome": "373900000"}, {"fiscalDateEnding": "2017-03-31", "reportedCurrency": "USD", "grossProfit": "655000000", "totalRevenue": "1113600000", "costOfRevenue": "458600000", "costofGoodsAndServicesSold": "432600000", "operatingIncome": "521700000", "sellingGeneralAndAdministrative": "423000000", "researchAndDevelopment": "None", "operatingExpenses": "610900000", "investmentIncomeNet": "None", "netInterestIncome": "None", "interestIncome": "None", "interestExpense": "-91400000", "nonInterestIncome": "1113600000", "otherNonOperatingIncome": "1300000", "depreciation": "35600000", "depreciationAndAmortization": "35600000", "incomeBeforeTax": "622200000", "incomeTaxExpense": "236300000", "interestAndDebtExpense": "None", "netIncomeFromContinuingOperations": "400400000", "comprehensiveIncomeNetOfTax": "369000000", "ebit": "521700000", "ebitda": "557300000", "netIncome": "385900000"}, {"fiscalDateEnding": "2016-12-31", "reportedCurrency": "USD", "grossProfit": "1091200000", "totalRevenue": "1091200000", "costOfRevenue": "475000000", "costofGoodsAndServicesSold": "417100000", "operatingIncome": "563300000", "sellingGeneralAndAdministrative": "441600000", "researchAndDevelopment": "None", "operatingExpenses": "589800000", "investmentIncomeNet": "None", "netInterestIncome": "None", "interestIncome": "None", "interestExpense": "None", "nonInterestIncome": "1091200000", "otherNonOperatingIncome": "-1800000", "depreciation": "33400000", "depreciationAndAmortization": "33400000", "incomeBeforeTax": "588500000", "incomeTaxExpense": "208700000", "interestAndDebtExpense": "None", "netIncomeFromContinuingOperations": "1091200000", "comprehensiveIncomeNetOfTax": "358000000", "ebit": "563300000", "ebitda": "596700000", "netIncome": "379800000"}]}