{"symbol": "TRV", "annualReports": [{"fiscalDateEnding": "2020-12-31", "reportedCurrency": "USD", "grossProfit": "-15561000000", "totalRevenue": "31981000000", "costOfRevenue": "47542000000", "costofGoodsAndServicesSold": "None", "operatingIncome": "-20084000000", "sellingGeneralAndAdministrative": "4509000000", "researchAndDevelopment": "None", "operatingExpenses": "4523000000", "investmentIncomeNet": "-37000000", "netInterestIncome": "-339000000", "interestIncome": "-339000000", "interestExpense": "339000000", "nonInterestIncome": "29044000000", "otherNonOperatingIncome": "None", "depreciation": "None", "depreciationAndAmortization": "14000000", "incomeBeforeTax": "3237000000", "incomeTaxExpense": "540000000", "interestAndDebtExpense": "339000000", "netIncomeFromContinuingOperations": "2697000000", "comprehensiveIncomeNetOfTax": "4559000000", "ebit": "3576000000", "ebitda": "3590000000", "netIncome": "2697000000"}, {"fiscalDateEnding": "2019-12-31", "reportedCurrency": "USD", "grossProfit": "-15666000000", "totalRevenue": "31581000000", "costOfRevenue": "47247000000", "costofGoodsAndServicesSold": "23734000000", "operatingIncome": "-20046000000", "sellingGeneralAndAdministrative": "4365000000", "researchAndDevelopment": "None", "operatingExpenses": "4380000000", "investmentIncomeNet": "-40000000", "netInterestIncome": "-344000000", "interestIncome": "-344000000", "interestExpense": "344000000", "nonInterestIncome": "28272000000", "otherNonOperatingIncome": "None", "depreciation": "None", "depreciationAndAmortization": "15000000", "incomeBeforeTax": "3138000000", "incomeTaxExpense": "516000000", "interestAndDebtExpense": "344000000", "netIncomeFromContinuingOperations": "2622000000", "comprehensiveIncomeNetOfTax": "5121000000", "ebit": "3482000000", "ebitda": "3497000000", "netIncome": "2622000000"}, {"fiscalDateEnding": "2018-12-31", "reportedCurrency": "USD", "grossProfit": "-14995000000", "totalRevenue": "30282000000", "costOfRevenue": "45277000000", "costofGoodsAndServicesSold": "22672000000", "operatingIncome": "-19309000000", "sellingGeneralAndAdministrative": "4297000000", "researchAndDevelopment": "None", "operatingExpenses": "4314000000", "investmentIncomeNet": "-39000000", "netInterestIncome": "-352000000", "interestIncome": "-352000000", "interestExpense": "352000000", "nonInterestIncome": "27059000000", "otherNonOperatingIncome": "None", "depreciation": "None", "depreciationAndAmortization": "17000000", "incomeBeforeTax": "2961000000", "incomeTaxExpense": "438000000", "interestAndDebtExpense": "352000000", "netIncomeFromContinuingOperations": "2523000000", "comprehensiveIncomeNetOfTax": "1053000000", "ebit": "3313000000", "ebitda": "3330000000", "netIncome": "2523000000"}, {"fiscalDateEnding": "2017-12-31", "reportedCurrency": "USD", "grossProfit": "-14431000000", "totalRevenue": "28902000000", "costOfRevenue": "43333000000", "costofGoodsAndServicesSold": "21633000000", "operatingIncome": "-18664000000", "sellingGeneralAndAdministrative": "4170000000", "researchAndDevelopment": "None", "operatingExpenses": "4233000000", "investmentIncomeNet": "-38000000", "netInterestIncome": "-369000000", "interestIncome": "-369000000", "interestExpense": "369000000", "nonInterestIncome": "26130000000", "otherNonOperatingIncome": "None", "depreciation": "None", "depreciationAndAmortization": "13000000", "incomeBeforeTax": "2730000000", "incomeTaxExpense": "674000000", "interestAndDebtExpense": "369000000", "netIncomeFromContinuingOperations": "2056000000", "comprehensiveIncomeNetOfTax": "2468000000", "ebit": "3099000000", "ebitda": "3112000000", "netIncome": "2056000000"}, {"fiscalDateEnding": "2016-12-31", "reportedCurrency": "USD", "grossProfit": "-10715000000", "totalRevenue": "27625000000", "costOfRevenue": "38340000000", "costofGoodsAndServicesSold": "19055000000", "operatingIncome": "-14930000000", "sellingGeneralAndAdministrative": "4154000000", "researchAndDevelopment": "None", "operatingExpenses": "4215000000", "investmentIncomeNet": "-38000000", "netInterestIncome": "-363000000", "interestIncome": "-363000000", "interestExpense": "363000000", "nonInterestIncome": "24992000000", "otherNonOperatingIncome": "None", "depreciation": "None", "depreciationAndAmortization": "11000000", "incomeBeforeTax": "4053000000", "incomeTaxExpense": "1039000000", "interestAndDebtExpense": "363000000", "netIncomeFromContinuingOperations": "3014000000", "comprehensiveIncomeNetOfTax": "2416000000", "ebit": "4416000000", "ebitda": "4427000000", "netIncome": "3014000000"}], "quarterlyReports": [{"fiscalDateEnding": "2021-09-30", "reportedCurrency": "USD", "grossProfit": "-4595000000", "totalRevenue": "8805000000", "costOfRevenue": "13400000000", "costofGoodsAndServicesSold": "None", "operatingIncome": "-5786000000", "sellingGeneralAndAdministrative": "1187000000", "researchAndDevelopment": "None", "operatingExpenses": "1191000000", "investmentIncomeNet": "None", "netInterestIncome": "-87000000", "interestIncome": "-87000000", "interestExpense": "87000000", "nonInterestIncome": "7829000000", "otherNonOperatingIncome": "None", "depreciation": "None", "depreciationAndAmortization": "4000000", "incomeBeforeTax": "786000000", "incomeTaxExpense": "124000000", "interestAndDebtExpense": "87000000", "netIncomeFromContinuingOperations": "662000000", "comprehensiveIncomeNetOfTax": "59000000", "ebit": "873000000", "ebitda": "877000000", "netIncome": "662000000"}, {"fiscalDateEnding": "2021-06-30", "reportedCurrency": "USD", "grossProfit": "-3834000000", "totalRevenue": "8687000000", "costOfRevenue": "12521000000", "costofGoodsAndServicesSold": "None", "operatingIncome": "-5011000000", "sellingGeneralAndAdministrative": "1174000000", "researchAndDevelopment": "None", "operatingExpenses": "1177000000", "investmentIncomeNet": "None", "netInterestIncome": "-83000000", "interestIncome": "-83000000", "interestExpense": "83000000", "nonInterestIncome": "7616000000", "otherNonOperatingIncome": "None", "depreciation": "None", "depreciationAndAmortization": "3000000", "incomeBeforeTax": "1131000000", "incomeTaxExpense": "197000000", "interestAndDebtExpense": "83000000", "netIncomeFromContinuingOperations": "934000000", "comprehensiveIncomeNetOfTax": "1412000000", "ebit": "1214000000", "ebitda": "1217000000", "netIncome": "934000000"}, {"fiscalDateEnding": "2021-03-31", "reportedCurrency": "USD", "grossProfit": "-4001000000", "totalRevenue": "8313000000", "costOfRevenue": "12314000000", "costofGoodsAndServicesSold": "None", "operatingIncome": "-5168000000", "sellingGeneralAndAdministrative": "1163000000", "researchAndDevelopment": "None", "operatingExpenses": "1167000000", "investmentIncomeNet": "None", "netInterestIncome": "-82000000", "interestIncome": "-82000000", "interestExpense": "82000000", "nonInterestIncome": "7386000000", "otherNonOperatingIncome": "None", "depreciation": "None", "depreciationAndAmortization": "4000000", "incomeBeforeTax": "891000000", "incomeTaxExpense": "158000000", "interestAndDebtExpense": "82000000", "netIncomeFromContinuingOperations": "733000000", "comprehensiveIncomeNetOfTax": "-478000000", "ebit": "973000000", "ebitda": "977000000", "netIncome": "733000000"}, {"fiscalDateEnding": "2020-12-31", "reportedCurrency": "USD", "grossProfit": "8397000000", "totalRevenue": "8397000000", "costOfRevenue": "11042000000", "costofGoodsAndServicesSold": "None", "operatingIncome": "8397000000", "sellingGeneralAndAdministrative": "1142000000", "researchAndDevelopment": "None", "operatingExpenses": "1145000000", "investmentIncomeNet": "None", "netInterestIncome": "-83000000", "interestIncome": "-83000000", "interestExpense": "83000000", "nonInterestIncome": "7480000000", "otherNonOperatingIncome": "None", "depreciation": "None", "depreciationAndAmortization": "3000000", "incomeBeforeTax": "1616000000", "incomeTaxExpense": "306000000", "interestAndDebtExpense": "83000000", "netIncomeFromContinuingOperations": "1310000000", "comprehensiveIncomeNetOfTax": "1674000000", "ebit": "1699000000", "ebitda": "1702000000", "netIncome": "1310000000"}, {"fiscalDateEnding": "2020-09-30", "reportedCurrency": "USD", "grossProfit": "-3817000000", "totalRevenue": "8275000000", "costOfRevenue": "12092000000", "costofGoodsAndServicesSold": "None", "operatingIncome": "-4930000000", "sellingGeneralAndAdministrative": "1109000000", "researchAndDevelopment": "None", "operatingExpenses": "1113000000", "investmentIncomeNet": "None", "netInterestIncome": "-87000000", "interestIncome": "-87000000", "interestExpense": "87000000", "nonInterestIncome": "7380000000", "otherNonOperatingIncome": "None", "depreciation": "None", "depreciationAndAmortization": "4000000", "incomeBeforeTax": "986000000", "incomeTaxExpense": "159000000", "interestAndDebtExpense": "87000000", "netIncomeFromContinuingOperations": "827000000", "comprehensiveIncomeNetOfTax": "1083000000", "ebit": "1073000000", "ebitda": "1077000000", "netIncome": "827000000"}, {"fiscalDateEnding": "2020-06-30", "reportedCurrency": "USD", "grossProfit": "-5110000000", "totalRevenue": "7401000000", "costOfRevenue": "12511000000", "costofGoodsAndServicesSold": "None", "operatingIncome": "-6234000000", "sellingGeneralAndAdministrative": "1121000000", "researchAndDevelopment": "None", "operatingExpenses": "1124000000", "investmentIncomeNet": "None", "netInterestIncome": "-85000000", "interestIncome": "-85000000", "interestExpense": "85000000", "nonInterestIncome": "6955000000", "otherNonOperatingIncome": "None", "depreciation": "None", "depreciationAndAmortization": "3000000", "incomeBeforeTax": "-85000000", "incomeTaxExpense": "-45000000", "interestAndDebtExpense": "85000000", "netIncomeFromContinuingOperations": "-40000000", "comprehensiveIncomeNetOfTax": "1891000000", "ebit": "-6234000000", "ebitda": "3000000", "netIncome": "-40000000"}, {"fiscalDateEnding": "2020-03-31", "reportedCurrency": "USD", "grossProfit": "-3989000000", "totalRevenue": "7908000000", "costOfRevenue": "11897000000", "costofGoodsAndServicesSold": "None", "operatingIncome": "-5130000000", "sellingGeneralAndAdministrative": "1137000000", "researchAndDevelopment": "None", "operatingExpenses": "1141000000", "investmentIncomeNet": "None", "netInterestIncome": "-84000000", "interestIncome": "-84000000", "interestExpense": "84000000", "nonInterestIncome": "7229000000", "otherNonOperatingIncome": "None", "depreciation": "None", "depreciationAndAmortization": "4000000", "incomeBeforeTax": "720000000", "incomeTaxExpense": "120000000", "interestAndDebtExpense": "84000000", "netIncomeFromContinuingOperations": "600000000", "comprehensiveIncomeNetOfTax": "-89000000", "ebit": "804000000", "ebitda": "808000000", "netIncome": "600000000"}, {"fiscalDateEnding": "2019-12-31", "reportedCurrency": "USD", "grossProfit": "8063000000", "totalRevenue": "8063000000", "costOfRevenue": "11549000000", "costofGoodsAndServicesSold": "5821000000", "operatingIncome": "8063000000", "sellingGeneralAndAdministrative": "1085000000", "researchAndDevelopment": "None", "operatingExpenses": "1088000000", "investmentIncomeNet": "None", "netInterestIncome": "-83000000", "interestIncome": "-83000000", "interestExpense": "83000000", "nonInterestIncome": "7250000000", "otherNonOperatingIncome": "None", "depreciation": "None", "depreciationAndAmortization": "3000000", "incomeBeforeTax": "1074000000", "incomeTaxExpense": "201000000", "interestAndDebtExpense": "83000000", "netIncomeFromContinuingOperations": "873000000", "comprehensiveIncomeNetOfTax": "888000000", "ebit": "1157000000", "ebitda": "1160000000", "netIncome": "873000000"}, {"fiscalDateEnding": "2019-09-30", "reportedCurrency": "USD", "grossProfit": "-4718000000", "totalRevenue": "8013000000", "costOfRevenue": "12731000000", "costofGoodsAndServicesSold": "6399000000", "operatingIncome": "-5820000000", "sellingGeneralAndAdministrative": "1098000000", "researchAndDevelopment": "None", "operatingExpenses": "1102000000", "investmentIncomeNet": "None", "netInterestIncome": "-84000000", "interestIncome": "-84000000", "interestExpense": "84000000", "nonInterestIncome": "7179000000", "otherNonOperatingIncome": "None", "depreciation": "None", "depreciationAndAmortization": "4000000", "incomeBeforeTax": "432000000", "incomeTaxExpense": "36000000", "interestAndDebtExpense": "84000000", "netIncomeFromContinuingOperations": "396000000", "comprehensiveIncomeNetOfTax": "815000000", "ebit": "516000000", "ebitda": "520000000", "netIncome": "396000000"}, {"fiscalDateEnding": "2019-06-30", "reportedCurrency": "USD", "grossProfit": "-4071000000", "totalRevenue": "7834000000", "costOfRevenue": "11905000000", "costofGoodsAndServicesSold": "5955000000", "operatingIncome": "-5200000000", "sellingGeneralAndAdministrative": "1125000000", "researchAndDevelopment": "None", "operatingExpenses": "1129000000", "investmentIncomeNet": "None", "netInterestIncome": "-89000000", "interestIncome": "-89000000", "interestExpense": "89000000", "nonInterestIncome": "6988000000", "otherNonOperatingIncome": "None", "depreciation": "None", "depreciationAndAmortization": "4000000", "incomeBeforeTax": "665000000", "incomeTaxExpense": "108000000", "interestAndDebtExpense": "89000000", "netIncomeFromContinuingOperations": "557000000", "comprehensiveIncomeNetOfTax": "1445000000", "ebit": "754000000", "ebitda": "758000000", "netIncome": "557000000"}, {"fiscalDateEnding": "2019-03-31", "reportedCurrency": "USD", "grossProfit": "-3391000000", "totalRevenue": "7671000000", "costOfRevenue": "11062000000", "costofGoodsAndServicesSold": "5559000000", "operatingIncome": "-4452000000", "sellingGeneralAndAdministrative": "1057000000", "researchAndDevelopment": "None", "operatingExpenses": "1061000000", "investmentIncomeNet": "None", "netInterestIncome": "-88000000", "interestIncome": "None", "interestExpense": "88000000", "nonInterestIncome": "6855000000", "otherNonOperatingIncome": "None", "depreciation": "None", "depreciationAndAmortization": "4000000", "incomeBeforeTax": "967000000", "incomeTaxExpense": "171000000", "interestAndDebtExpense": "88000000", "netIncomeFromContinuingOperations": "796000000", "comprehensiveIncomeNetOfTax": "1973000000", "ebit": "1055000000", "ebitda": "1059000000", "netIncome": "796000000"}, {"fiscalDateEnding": "2018-12-31", "reportedCurrency": "USD", "grossProfit": "7796000000", "totalRevenue": "7796000000", "costOfRevenue": "11709000000", "costofGoodsAndServicesSold": "5900000000", "operatingIncome": "7796000000", "sellingGeneralAndAdministrative": "1063000000", "researchAndDevelopment": "None", "operatingExpenses": "1031000000", "investmentIncomeNet": "None", "netInterestIncome": "-87000000", "interestIncome": "None", "interestExpense": "87000000", "nonInterestIncome": "6945000000", "otherNonOperatingIncome": "None", "depreciation": "None", "depreciationAndAmortization": "5000000", "incomeBeforeTax": "746000000", "incomeTaxExpense": "125000000", "interestAndDebtExpense": "87000000", "netIncomeFromContinuingOperations": "621000000", "comprehensiveIncomeNetOfTax": "765000000", "ebit": "833000000", "ebitda": "838000000", "netIncome": "621000000"}, {"fiscalDateEnding": "2018-09-30", "reportedCurrency": "USD", "grossProfit": "-3767000000", "totalRevenue": "7723000000", "costOfRevenue": "11490000000", "costofGoodsAndServicesSold": "5772000000", "operatingIncome": "-4830000000", "sellingGeneralAndAdministrative": "1059000000", "researchAndDevelopment": "None", "operatingExpenses": "1063000000", "investmentIncomeNet": "None", "netInterestIncome": "-86000000", "interestIncome": "None", "interestExpense": "86000000", "nonInterestIncome": "6882000000", "otherNonOperatingIncome": "None", "depreciation": "None", "depreciationAndAmortization": "4000000", "incomeBeforeTax": "806000000", "incomeTaxExpense": "97000000", "interestAndDebtExpense": "86000000", "netIncomeFromContinuingOperations": "709000000", "comprehensiveIncomeNetOfTax": "394000000", "ebit": "892000000", "ebitda": "896000000", "netIncome": "709000000"}, {"fiscalDateEnding": "2018-06-30", "reportedCurrency": "USD", "grossProfit": "-3845000000", "totalRevenue": "7477000000", "costOfRevenue": "11322000000", "costofGoodsAndServicesSold": "5643000000", "operatingIncome": "-4962000000", "sellingGeneralAndAdministrative": "1113000000", "researchAndDevelopment": "None", "operatingExpenses": "1117000000", "investmentIncomeNet": "None", "netInterestIncome": "-90000000", "interestIncome": "None", "interestExpense": "90000000", "nonInterestIncome": "6695000000", "otherNonOperatingIncome": "None", "depreciation": "None", "depreciationAndAmortization": "4000000", "incomeBeforeTax": "631000000", "incomeTaxExpense": "107000000", "interestAndDebtExpense": "90000000", "netIncomeFromContinuingOperations": "524000000", "comprehensiveIncomeNetOfTax": "158000000", "ebit": "721000000", "ebitda": "725000000", "netIncome": "524000000"}, {"fiscalDateEnding": "2018-03-31", "reportedCurrency": "USD", "grossProfit": "-3446000000", "totalRevenue": "7286000000", "costOfRevenue": "10732000000", "costofGoodsAndServicesSold": "5357000000", "operatingIncome": "-4525000000", "sellingGeneralAndAdministrative": "1062000000", "researchAndDevelopment": "None", "operatingExpenses": "1079000000", "investmentIncomeNet": "None", "netInterestIncome": "-89000000", "interestIncome": "None", "interestExpense": "89000000", "nonInterestIncome": "6640000000", "otherNonOperatingIncome": "None", "depreciation": "None", "depreciationAndAmortization": "4000000", "incomeBeforeTax": "778000000", "incomeTaxExpense": "109000000", "interestAndDebtExpense": "89000000", "netIncomeFromContinuingOperations": "669000000", "comprehensiveIncomeNetOfTax": "-264000000", "ebit": "867000000", "ebitda": "871000000", "netIncome": "669000000"}, {"fiscalDateEnding": "2017-12-31", "reportedCurrency": "USD", "grossProfit": "7451000000", "totalRevenue": "7451000000", "costOfRevenue": "10856000000", "costofGoodsAndServicesSold": "5414000000", "operatingIncome": "7451000000", "sellingGeneralAndAdministrative": "1084000000", "researchAndDevelopment": "None", "operatingExpenses": "1100000000", "investmentIncomeNet": "None", "netInterestIncome": "-93000000", "interestIncome": "None", "interestExpense": "93000000", "nonInterestIncome": "6731000000", "otherNonOperatingIncome": "None", "depreciation": "None", "depreciationAndAmortization": "4000000", "incomeBeforeTax": "860000000", "incomeTaxExpense": "309000000", "interestAndDebtExpense": "93000000", "netIncomeFromContinuingOperations": "551000000", "comprehensiveIncomeNetOfTax": "493000000", "ebit": "953000000", "ebitda": "957000000", "netIncome": "551000000"}, {"fiscalDateEnding": "2017-09-30", "reportedCurrency": "USD", "grossProfit": "-4395000000", "totalRevenue": "7325000000", "costOfRevenue": "11720000000", "costofGoodsAndServicesSold": "5865000000", "operatingIncome": "-5444000000", "sellingGeneralAndAdministrative": "1045000000", "researchAndDevelopment": "None", "operatingExpenses": "1049000000", "investmentIncomeNet": "None", "netInterestIncome": "-95000000", "interestIncome": "None", "interestExpense": "95000000", "nonInterestIncome": "6636000000", "otherNonOperatingIncome": "None", "depreciation": "None", "depreciationAndAmortization": "4000000", "incomeBeforeTax": "320000000", "incomeTaxExpense": "27000000", "interestAndDebtExpense": "95000000", "netIncomeFromContinuingOperations": "293000000", "comprehensiveIncomeNetOfTax": "352000000", "ebit": "415000000", "ebitda": "419000000", "netIncome": "293000000"}, {"fiscalDateEnding": "2017-06-30", "reportedCurrency": "USD", "grossProfit": "-3345000000", "totalRevenue": "7184000000", "costOfRevenue": "10529000000", "costofGoodsAndServicesSold": "5257000000", "operatingIncome": "-4392000000", "sellingGeneralAndAdministrative": "1045000000", "researchAndDevelopment": "None", "operatingExpenses": "1047000000", "investmentIncomeNet": "None", "netInterestIncome": "-92000000", "interestIncome": "None", "interestExpense": "92000000", "nonInterestIncome": "6467000000", "otherNonOperatingIncome": "None", "depreciation": "None", "depreciationAndAmortization": "2000000", "incomeBeforeTax": "790000000", "incomeTaxExpense": "195000000", "interestAndDebtExpense": "92000000", "netIncomeFromContinuingOperations": "595000000", "comprehensiveIncomeNetOfTax": "866000000", "ebit": "882000000", "ebitda": "884000000", "netIncome": "595000000"}, {"fiscalDateEnding": "2017-03-31", "reportedCurrency": "USD", "grossProfit": "-3261000000", "totalRevenue": "6942000000", "costOfRevenue": "10203000000", "costofGoodsAndServicesSold": "5097000000", "operatingIncome": "-4273000000", "sellingGeneralAndAdministrative": "996000000", "researchAndDevelopment": "None", "operatingExpenses": "1012000000", "investmentIncomeNet": "None", "netInterestIncome": "-89000000", "interestIncome": "None", "interestExpense": "89000000", "nonInterestIncome": "6296000000", "otherNonOperatingIncome": "None", "depreciation": "None", "depreciationAndAmortization": "3000000", "incomeBeforeTax": "760000000", "incomeTaxExpense": "143000000", "interestAndDebtExpense": "89000000", "netIncomeFromContinuingOperations": "617000000", "comprehensiveIncomeNetOfTax": "757000000", "ebit": "849000000", "ebitda": "852000000", "netIncome": "617000000"}, {"fiscalDateEnding": "2016-12-31", "reportedCurrency": "USD", "grossProfit": "7193000000", "totalRevenue": "7193000000", "costOfRevenue": "9594000000", "costofGoodsAndServicesSold": "4753000000", "operatingIncome": "7193000000", "sellingGeneralAndAdministrative": "1048000000", "researchAndDevelopment": "None", "operatingExpenses": "1101000000", "investmentIncomeNet": "None", "netInterestIncome": "-90000000", "interestIncome": "None", "interestExpense": "90000000", "nonInterestIncome": "6383000000", "otherNonOperatingIncome": "None", "depreciation": "None", "depreciationAndAmortization": "3000000", "incomeBeforeTax": "1302000000", "incomeTaxExpense": "359000000", "interestAndDebtExpense": "90000000", "netIncomeFromContinuingOperations": "943000000", "comprehensiveIncomeNetOfTax": "-472000000", "ebit": "1392000000", "ebitda": "1395000000", "netIncome": "943000000"}]}