{"symbol": "TSCO", "annualReports": [{"fiscalDateEnding": "2020-12-31", "reportedCurrency": "USD", "grossProfit": "3761549000", "totalRevenue": "10620352000", "costOfRevenue": "6858803000", "costofGoodsAndServicesSold": "6858803000", "operatingIncome": "996928000", "sellingGeneralAndAdministrative": "2478524000", "researchAndDevelopment": "None", "operatingExpenses": "2708191000", "investmentIncomeNet": "None", "netInterestIncome": "-28781000", "interestIncome": "None", "interestExpense": "28781000", "nonInterestIncome": "1157000", "otherNonOperatingIncome": "None", "depreciation": "None", "depreciationAndAmortization": "217124000", "incomeBeforeTax": "968147000", "incomeTaxExpense": "219189000", "interestAndDebtExpense": "28781000", "netIncomeFromContinuingOperations": "748958000", "comprehensiveIncomeNetOfTax": "745516000", "ebit": "996928000", "ebitda": "1214052000", "netIncome": "748958000"}, {"fiscalDateEnding": "2019-12-31", "reportedCurrency": "USD", "grossProfit": "2871770000", "totalRevenue": "8351931000", "costOfRevenue": "5480161000", "costofGoodsAndServicesSold": "5480161000", "operatingIncome": "743220000", "sellingGeneralAndAdministrative": "1932572000", "researchAndDevelopment": "None", "operatingExpenses": "2136353000", "investmentIncomeNet": "None", "netInterestIncome": "-19843000", "interestIncome": "None", "interestExpense": "19843000", "nonInterestIncome": "297000", "otherNonOperatingIncome": "None", "depreciation": "None", "depreciationAndAmortization": "195978000", "incomeBeforeTax": "723377000", "incomeTaxExpense": "161023000", "interestAndDebtExpense": "19843000", "netIncomeFromContinuingOperations": "562354000", "comprehensiveIncomeNetOfTax": "558022000", "ebit": "743220000", "ebitda": "939198000", "netIncome": "562354000"}, {"fiscalDateEnding": "2018-12-31", "reportedCurrency": "USD", "grossProfit": "2702528000", "totalRevenue": "7911046000", "costOfRevenue": "5208518000", "costofGoodsAndServicesSold": "5208518000", "operatingIncome": "701737000", "sellingGeneralAndAdministrative": "1823440000", "researchAndDevelopment": "None", "operatingExpenses": "2008724000", "investmentIncomeNet": "None", "netInterestIncome": "-18352000", "interestIncome": "None", "interestExpense": "18352000", "nonInterestIncome": "567000", "otherNonOperatingIncome": "None", "depreciation": "None", "depreciationAndAmortization": "177351000", "incomeBeforeTax": "683385000", "incomeTaxExpense": "151028000", "interestAndDebtExpense": "18352000", "netIncomeFromContinuingOperations": "532357000", "comprehensiveIncomeNetOfTax": "532813000", "ebit": "701737000", "ebitda": "879088000", "netIncome": "532357000"}, {"fiscalDateEnding": "2017-12-31", "reportedCurrency": "USD", "grossProfit": "2491965000", "totalRevenue": "7256382000", "costOfRevenue": "4764417000", "costofGoodsAndServicesSold": "4764417000", "operatingIncome": "686382000", "sellingGeneralAndAdministrative": "1639749000", "researchAndDevelopment": "None", "operatingExpenses": "1816843000", "investmentIncomeNet": "None", "netInterestIncome": "-13859000", "interestIncome": "None", "interestExpense": "13859000", "nonInterestIncome": "-460000", "otherNonOperatingIncome": "None", "depreciation": "None", "depreciationAndAmortization": "165834000", "incomeBeforeTax": "672523000", "incomeTaxExpense": "249924000", "interestAndDebtExpense": "13859000", "netIncomeFromContinuingOperations": "422599000", "comprehensiveIncomeNetOfTax": "424565000", "ebit": "686382000", "ebitda": "852216000", "netIncome": "422599000"}, {"fiscalDateEnding": "2016-12-31", "reportedCurrency": "USD", "grossProfit": "2325202000", "totalRevenue": "6773190000", "costOfRevenue": "6095399000", "costofGoodsAndServicesSold": "4454377000", "operatingIncome": "694080000", "sellingGeneralAndAdministrative": "1488164000", "researchAndDevelopment": "None", "operatingExpenses": "1641601000", "investmentIncomeNet": "None", "netInterestIncome": "-5810000", "interestIncome": "-5810000", "interestExpense": "5810000", "nonInterestIncome": "-579000", "otherNonOperatingIncome": "None", "depreciation": "None", "depreciationAndAmortization": "142958000", "incomeBeforeTax": "688270000", "incomeTaxExpense": "251150000", "interestAndDebtExpense": "5810000", "netIncomeFromContinuingOperations": "437120000", "comprehensiveIncomeNetOfTax": "438512000", "ebit": "694080000", "ebitda": "837038000", "netIncome": "437120000"}], "quarterlyReports": [{"fiscalDateEnding": "2021-09-30", "reportedCurrency": "USD", "grossProfit": "1085310000", "totalRevenue": "3017926000", "costOfRevenue": "1932616000", "costofGoodsAndServicesSold": "1932616000", "operatingIncome": "297225000", "sellingGeneralAndAdministrative": "718261000", "researchAndDevelopment": "None", "operatingExpenses": "788085000", "investmentIncomeNet": "None", "netInterestIncome": "-6146000", "interestIncome": "None", "interestExpense": "6146000", "nonInterestIncome": "457000", "otherNonOperatingIncome": "None", "depreciation": "None", "depreciationAndAmortization": "69824000", "incomeBeforeTax": "291079000", "incomeTaxExpense": "66679000", "interestAndDebtExpense": "6146000", "netIncomeFromContinuingOperations": "224400000", "comprehensiveIncomeNetOfTax": "224606000", "ebit": "297225000", "ebitda": "367049000", "netIncome": "224400000"}, {"fiscalDateEnding": "2021-06-30", "reportedCurrency": "USD", "grossProfit": "1287485000", "totalRevenue": "3601559000", "costOfRevenue": "2314074000", "costofGoodsAndServicesSold": "2314074000", "operatingIncome": "485883000", "sellingGeneralAndAdministrative": "736749000", "researchAndDevelopment": "None", "operatingExpenses": "801602000", "investmentIncomeNet": "None", "netInterestIncome": "-6701000", "interestIncome": "None", "interestExpense": "6701000", "nonInterestIncome": "-3644000", "otherNonOperatingIncome": "None", "depreciation": "None", "depreciationAndAmortization": "64853000", "incomeBeforeTax": "479182000", "incomeTaxExpense": "109160000", "interestAndDebtExpense": "6701000", "netIncomeFromContinuingOperations": "370022000", "comprehensiveIncomeNetOfTax": "370342000", "ebit": "485883000", "ebitda": "550736000", "netIncome": "370022000"}, {"fiscalDateEnding": "2021-03-31", "reportedCurrency": "USD", "grossProfit": "983780000", "totalRevenue": "2792336000", "costOfRevenue": "1808556000", "costofGoodsAndServicesSold": "1808556000", "operatingIncome": "230536000", "sellingGeneralAndAdministrative": "693190000", "researchAndDevelopment": "None", "operatingExpenses": "753352000", "investmentIncomeNet": "None", "netInterestIncome": "-7221000", "interestIncome": "None", "interestExpense": "7221000", "nonInterestIncome": "-108000", "otherNonOperatingIncome": "None", "depreciation": "None", "depreciationAndAmortization": "60054000", "incomeBeforeTax": "223315000", "incomeTaxExpense": "41961000", "interestAndDebtExpense": "7221000", "netIncomeFromContinuingOperations": "181354000", "comprehensiveIncomeNetOfTax": "183479000", "ebit": "230536000", "ebitda": "290590000", "netIncome": "181354000"}, {"fiscalDateEnding": "2020-12-31", "reportedCurrency": "USD", "grossProfit": "995530000", "totalRevenue": "2878265000", "costOfRevenue": "1882735000", "costofGoodsAndServicesSold": "1882735000", "operatingIncome": "184467000", "sellingGeneralAndAdministrative": "683600000", "researchAndDevelopment": "None", "operatingExpenses": "755407000", "investmentIncomeNet": "None", "netInterestIncome": "-8086000", "interestIncome": "None", "interestExpense": "8086000", "nonInterestIncome": "383000", "otherNonOperatingIncome": "None", "depreciation": "None", "depreciationAndAmortization": "58490000", "incomeBeforeTax": "176381000", "incomeTaxExpense": "40488000", "interestAndDebtExpense": "8086000", "netIncomeFromContinuingOperations": "135893000", "comprehensiveIncomeNetOfTax": "138517000", "ebit": "184467000", "ebitda": "242957000", "netIncome": "135893000"}, {"fiscalDateEnding": "2020-09-30", "reportedCurrency": "USD", "grossProfit": "947957000", "totalRevenue": "2606572000", "costOfRevenue": "1658615000", "costofGoodsAndServicesSold": "1658615000", "operatingIncome": "252177000", "sellingGeneralAndAdministrative": "641129000", "researchAndDevelopment": "None", "operatingExpenses": "695780000", "investmentIncomeNet": "None", "netInterestIncome": "-7208000", "interestIncome": "None", "interestExpense": "7208000", "nonInterestIncome": "432000", "otherNonOperatingIncome": "None", "depreciation": "None", "depreciationAndAmortization": "54651000", "incomeBeforeTax": "244969000", "incomeTaxExpense": "54359000", "interestAndDebtExpense": "7208000", "netIncomeFromContinuingOperations": "190610000", "comprehensiveIncomeNetOfTax": "191078000", "ebit": "252177000", "ebitda": "306828000", "netIncome": "190610000"}, {"fiscalDateEnding": "2020-06-30", "reportedCurrency": "USD", "grossProfit": "1156813000", "totalRevenue": "3176327000", "costOfRevenue": "2019514000", "costofGoodsAndServicesSold": "2019514000", "operatingIncome": "447746000", "sellingGeneralAndAdministrative": "656520000", "researchAndDevelopment": "None", "operatingExpenses": "709067000", "investmentIncomeNet": "None", "netInterestIncome": "-8438000", "interestIncome": "None", "interestExpense": "8438000", "nonInterestIncome": "27000", "otherNonOperatingIncome": "None", "depreciation": "None", "depreciationAndAmortization": "52547000", "incomeBeforeTax": "439308000", "incomeTaxExpense": "100630000", "interestAndDebtExpense": "8438000", "netIncomeFromContinuingOperations": "338678000", "comprehensiveIncomeNetOfTax": "337394000", "ebit": "447746000", "ebitda": "500293000", "netIncome": "338678000"}, {"fiscalDateEnding": "2020-03-31", "reportedCurrency": "USD", "grossProfit": "661249000", "totalRevenue": "1959188000", "costOfRevenue": "1297939000", "costofGoodsAndServicesSold": "1297939000", "operatingIncome": "112538000", "sellingGeneralAndAdministrative": "497275000", "researchAndDevelopment": "None", "operatingExpenses": "548396000", "investmentIncomeNet": "None", "netInterestIncome": "-5049000", "interestIncome": "None", "interestExpense": "5049000", "nonInterestIncome": "315000", "otherNonOperatingIncome": "None", "depreciation": "None", "depreciationAndAmortization": "51436000", "incomeBeforeTax": "107489000", "incomeTaxExpense": "23712000", "interestAndDebtExpense": "5049000", "netIncomeFromContinuingOperations": "83777000", "comprehensiveIncomeNetOfTax": "78527000", "ebit": "112538000", "ebitda": "163974000", "netIncome": "83777000"}, {"fiscalDateEnding": "2019-12-31", "reportedCurrency": "USD", "grossProfit": "741801000", "totalRevenue": "2191785000", "costOfRevenue": "1449984000", "costofGoodsAndServicesSold": "1449984000", "operatingIncome": "190438000", "sellingGeneralAndAdministrative": "499969000", "researchAndDevelopment": "None", "operatingExpenses": "559428000", "investmentIncomeNet": "None", "netInterestIncome": "-4837000", "interestIncome": "None", "interestExpense": "4837000", "nonInterestIncome": "35000", "otherNonOperatingIncome": "None", "depreciation": "None", "depreciationAndAmortization": "51394000", "incomeBeforeTax": "185601000", "incomeTaxExpense": "41422000", "interestAndDebtExpense": "4837000", "netIncomeFromContinuingOperations": "144179000", "comprehensiveIncomeNetOfTax": "144305000", "ebit": "190438000", "ebitda": "241832000", "netIncome": "144179000"}, {"fiscalDateEnding": "2019-09-30", "reportedCurrency": "USD", "grossProfit": "694240000", "totalRevenue": "1984144000", "costOfRevenue": "1289904000", "costofGoodsAndServicesSold": "1289904000", "operatingIncome": "161817000", "sellingGeneralAndAdministrative": "482604000", "researchAndDevelopment": "None", "operatingExpenses": "532423000", "investmentIncomeNet": "None", "netInterestIncome": "-4900000", "interestIncome": "None", "interestExpense": "4900000", "nonInterestIncome": "-47000", "otherNonOperatingIncome": "None", "depreciation": "None", "depreciationAndAmortization": "49819000", "incomeBeforeTax": "156917000", "incomeTaxExpense": "34784000", "interestAndDebtExpense": "4900000", "netIncomeFromContinuingOperations": "122133000", "comprehensiveIncomeNetOfTax": "121324000", "ebit": "161817000", "ebitda": "211636000", "netIncome": "122133000"}, {"fiscalDateEnding": "2019-06-30", "reportedCurrency": "USD", "grossProfit": "820745000", "totalRevenue": "2353782000", "costOfRevenue": "1533037000", "costofGoodsAndServicesSold": "1533037000", "operatingIncome": "287557000", "sellingGeneralAndAdministrative": "484190000", "researchAndDevelopment": "None", "operatingExpenses": "533188000", "investmentIncomeNet": "None", "netInterestIncome": "-5176000", "interestIncome": "None", "interestExpense": "5176000", "nonInterestIncome": "85000", "otherNonOperatingIncome": "None", "depreciation": "None", "depreciationAndAmortization": "48998000", "incomeBeforeTax": "282381000", "incomeTaxExpense": "63171000", "interestAndDebtExpense": "5176000", "netIncomeFromContinuingOperations": "219210000", "comprehensiveIncomeNetOfTax": "217025000", "ebit": "287557000", "ebitda": "336555000", "netIncome": "219210000"}, {"fiscalDateEnding": "2019-03-31", "reportedCurrency": "USD", "grossProfit": "614984000", "totalRevenue": "1822220000", "costOfRevenue": "1207236000", "costofGoodsAndServicesSold": "1207236000", "operatingIncome": "103408000", "sellingGeneralAndAdministrative": "465809000", "researchAndDevelopment": "None", "operatingExpenses": "511352000", "investmentIncomeNet": "None", "netInterestIncome": "-4930000", "interestIncome": "None", "interestExpense": "4930000", "nonInterestIncome": "224000", "otherNonOperatingIncome": "None", "depreciation": "None", "depreciationAndAmortization": "45767000", "incomeBeforeTax": "98478000", "incomeTaxExpense": "21646000", "interestAndDebtExpense": "4930000", "netIncomeFromContinuingOperations": "76832000", "comprehensiveIncomeNetOfTax": "75368000", "ebit": "103408000", "ebitda": "149175000", "netIncome": "76832000"}, {"fiscalDateEnding": "2018-12-31", "reportedCurrency": "USD", "grossProfit": "716333000", "totalRevenue": "2133271000", "costOfRevenue": "1416938000", "costofGoodsAndServicesSold": "1416938000", "operatingIncome": "180382000", "sellingGeneralAndAdministrative": "489983000", "researchAndDevelopment": "None", "operatingExpenses": "544169000", "investmentIncomeNet": "None", "netInterestIncome": "-4446000", "interestIncome": "None", "interestExpense": "4446000", "nonInterestIncome": "282000", "otherNonOperatingIncome": "None", "depreciation": "None", "depreciationAndAmortization": "45968000", "incomeBeforeTax": "175936000", "incomeTaxExpense": "39085000", "interestAndDebtExpense": "4446000", "netIncomeFromContinuingOperations": "136851000", "comprehensiveIncomeNetOfTax": "134696000", "ebit": "180382000", "ebitda": "226350000", "netIncome": "136851000"}, {"fiscalDateEnding": "2018-09-30", "reportedCurrency": "USD", "grossProfit": "653132000", "totalRevenue": "1881625000", "costOfRevenue": "1228493000", "costofGoodsAndServicesSold": "1228493000", "operatingIncome": "153148000", "sellingGeneralAndAdministrative": "454998000", "researchAndDevelopment": "None", "operatingExpenses": "499984000", "investmentIncomeNet": "None", "netInterestIncome": "-4460000", "interestIncome": "None", "interestExpense": "4460000", "nonInterestIncome": "908000", "otherNonOperatingIncome": "None", "depreciation": "None", "depreciationAndAmortization": "44986000", "incomeBeforeTax": "148688000", "incomeTaxExpense": "31904000", "interestAndDebtExpense": "4460000", "netIncomeFromContinuingOperations": "116784000", "comprehensiveIncomeNetOfTax": "117011000", "ebit": "153148000", "ebitda": "198134000", "netIncome": "116784000"}, {"fiscalDateEnding": "2018-06-30", "reportedCurrency": "USD", "grossProfit": "769414000", "totalRevenue": "2213249000", "costOfRevenue": "1443835000", "costofGoodsAndServicesSold": "1443835000", "operatingIncome": "273458000", "sellingGeneralAndAdministrative": "452346000", "researchAndDevelopment": "None", "operatingExpenses": "495956000", "investmentIncomeNet": "None", "netInterestIncome": "-4978000", "interestIncome": "None", "interestExpense": "4978000", "nonInterestIncome": "-529000", "otherNonOperatingIncome": "None", "depreciation": "None", "depreciationAndAmortization": "43610000", "incomeBeforeTax": "268480000", "incomeTaxExpense": "61191000", "interestAndDebtExpense": "4978000", "netIncomeFromContinuingOperations": "207289000", "comprehensiveIncomeNetOfTax": "207841000", "ebit": "273458000", "ebitda": "317068000", "netIncome": "207289000"}, {"fiscalDateEnding": "2018-03-31", "reportedCurrency": "USD", "grossProfit": "563649000", "totalRevenue": "1682901000", "costOfRevenue": "1119252000", "costofGoodsAndServicesSold": "1119252000", "operatingIncome": "94749000", "sellingGeneralAndAdministrative": "426113000", "researchAndDevelopment": "None", "operatingExpenses": "468994000", "investmentIncomeNet": "None", "netInterestIncome": "-4468000", "interestIncome": "None", "interestExpense": "4468000", "nonInterestIncome": "-94000", "otherNonOperatingIncome": "None", "depreciation": "None", "depreciationAndAmortization": "42787000", "incomeBeforeTax": "90281000", "incomeTaxExpense": "18848000", "interestAndDebtExpense": "4468000", "netIncomeFromContinuingOperations": "71433000", "comprehensiveIncomeNetOfTax": "73265000", "ebit": "94749000", "ebitda": "137536000", "netIncome": "71433000"}, {"fiscalDateEnding": "2017-12-31", "reportedCurrency": "USD", "grossProfit": "668598000", "totalRevenue": "1962968000", "costOfRevenue": "1779796000", "costofGoodsAndServicesSold": "1284240000", "operatingIncome": "183842000", "sellingGeneralAndAdministrative": "441623000", "researchAndDevelopment": "None", "operatingExpenses": "495507000", "investmentIncomeNet": "None", "netInterestIncome": "-4238000", "interestIncome": "None", "interestExpense": "4238000", "nonInterestIncome": "49000", "otherNonOperatingIncome": "None", "depreciation": "None", "depreciationAndAmortization": "43133000", "incomeBeforeTax": "179604000", "incomeTaxExpense": "69861000", "interestAndDebtExpense": "4238000", "netIncomeFromContinuingOperations": "109743000", "comprehensiveIncomeNetOfTax": "111544000", "ebit": "183842000", "ebitda": "226975000", "netIncome": "109743000"}, {"fiscalDateEnding": "2017-09-30", "reportedCurrency": "USD", "grossProfit": "600456000", "totalRevenue": "1717952000", "costOfRevenue": "1573451000", "costofGoodsAndServicesSold": "1121248000", "operatingIncome": "148253000", "sellingGeneralAndAdministrative": "410276000", "researchAndDevelopment": "None", "operatingExpenses": "452203000", "investmentIncomeNet": "None", "netInterestIncome": "-3752000", "interestIncome": "None", "interestExpense": "3752000", "nonInterestIncome": "-311000", "otherNonOperatingIncome": "None", "depreciation": "None", "depreciationAndAmortization": "41927000", "incomeBeforeTax": "144501000", "incomeTaxExpense": "52605000", "interestAndDebtExpense": "3752000", "netIncomeFromContinuingOperations": "91896000", "comprehensiveIncomeNetOfTax": "91932000", "ebit": "148253000", "ebitda": "190180000", "netIncome": "91896000"}, {"fiscalDateEnding": "2017-06-30", "reportedCurrency": "USD", "grossProfit": "704708000", "totalRevenue": "2014670000", "costOfRevenue": "1759837000", "costofGoodsAndServicesSold": "1313054000", "operatingIncome": "257925000", "sellingGeneralAndAdministrative": "405736000", "researchAndDevelopment": "None", "operatingExpenses": "446783000", "investmentIncomeNet": "None", "netInterestIncome": "-3092000", "interestIncome": "None", "interestExpense": "3092000", "nonInterestIncome": "-19000", "otherNonOperatingIncome": "None", "depreciation": "None", "depreciationAndAmortization": "41047000", "incomeBeforeTax": "254833000", "incomeTaxExpense": "94184000", "interestAndDebtExpense": "3092000", "netIncomeFromContinuingOperations": "160649000", "comprehensiveIncomeNetOfTax": "160497000", "ebit": "257925000", "ebitda": "298972000", "netIncome": "160649000"}, {"fiscalDateEnding": "2017-03-31", "reportedCurrency": "USD", "grossProfit": "518203000", "totalRevenue": "1561122000", "costOfRevenue": "1467716000", "costofGoodsAndServicesSold": "1045875000", "operatingIncome": "96362000", "sellingGeneralAndAdministrative": "382114000", "researchAndDevelopment": "None", "operatingExpenses": "422020000", "investmentIncomeNet": "None", "netInterestIncome": "-2777000", "interestIncome": "None", "interestExpense": "2777000", "nonInterestIncome": "-179000", "otherNonOperatingIncome": "None", "depreciation": "None", "depreciationAndAmortization": "39727000", "incomeBeforeTax": "93585000", "incomeTaxExpense": "33274000", "interestAndDebtExpense": "2777000", "netIncomeFromContinuingOperations": "60311000", "comprehensiveIncomeNetOfTax": "60592000", "ebit": "96362000", "ebitda": "136089000", "netIncome": "60311000"}, {"fiscalDateEnding": "2016-12-31", "reportedCurrency": "USD", "grossProfit": "646262000", "totalRevenue": "1914517000", "costOfRevenue": "1731826000", "costofGoodsAndServicesSold": "1270280000", "operatingIncome": "194616000", "sellingGeneralAndAdministrative": "411984000", "researchAndDevelopment": "None", "operatingExpenses": "461906000", "investmentIncomeNet": "None", "netInterestIncome": "-1665000", "interestIncome": "None", "interestExpense": "1665000", "nonInterestIncome": "-360000", "otherNonOperatingIncome": "None", "depreciation": "None", "depreciationAndAmortization": "39662000", "incomeBeforeTax": "192951000", "incomeTaxExpense": "69368000", "interestAndDebtExpense": "1665000", "netIncomeFromContinuingOperations": "123583000", "comprehensiveIncomeNetOfTax": "126086000", "ebit": "194616000", "ebitda": "234278000", "netIncome": "123583000"}]}