{"symbol": "TXT", "annualReports": [{"fiscalDateEnding": "2020-12-31", "reportedCurrency": "USD", "grossProfit": "None", "totalRevenue": "11651000000", "costOfRevenue": "None", "costofGoodsAndServicesSold": "10094000000", "operatingIncome": "None", "sellingGeneralAndAdministrative": "1045000000", "researchAndDevelopment": "549000000", "operatingExpenses": "None", "investmentIncomeNet": "None", "netInterestIncome": "None", "interestIncome": "None", "interestExpense": "166000000", "nonInterestIncome": "None", "otherNonOperatingIncome": "None", "depreciation": "None", "depreciationAndAmortization": "None", "incomeBeforeTax": "282000000", "incomeTaxExpense": "-27000000", "interestAndDebtExpense": "None", "netIncomeFromContinuingOperations": "None", "comprehensiveIncomeNetOfTax": "417000000", "ebit": "448000000", "ebitda": "None", "netIncome": "309000000"}, {"fiscalDateEnding": "2019-12-31", "reportedCurrency": "USD", "grossProfit": "1121000000", "totalRevenue": "13630000000", "costOfRevenue": "12509000000", "costofGoodsAndServicesSold": "11406000000", "operatingIncome": "-13430000000", "sellingGeneralAndAdministrative": "1152000000", "researchAndDevelopment": "647000000", "operatingExpenses": "14551000000", "investmentIncomeNet": "None", "netInterestIncome": "-171000000", "interestIncome": "None", "interestExpense": "171000000", "nonInterestIncome": "None", "otherNonOperatingIncome": "None", "depreciation": "None", "depreciationAndAmortization": "59000000", "incomeBeforeTax": "942000000", "incomeTaxExpense": "127000000", "interestAndDebtExpense": "171000000", "netIncomeFromContinuingOperations": "815000000", "comprehensiveIncomeNetOfTax": "730000000", "ebit": "1113000000", "ebitda": "1172000000", "netIncome": "815000000"}, {"fiscalDateEnding": "2018-12-31", "reportedCurrency": "USD", "grossProfit": "2378000000", "totalRevenue": "13972000000", "costOfRevenue": "11594000000", "costofGoodsAndServicesSold": "11594000000", "operatingIncome": "790000000", "sellingGeneralAndAdministrative": "1275000000", "researchAndDevelopment": "643000000", "operatingExpenses": "1588000000", "investmentIncomeNet": "None", "netInterestIncome": "-166000000", "interestIncome": "None", "interestExpense": "166000000", "nonInterestIncome": "14416000000", "otherNonOperatingIncome": "None", "depreciation": "None", "depreciationAndAmortization": "66000000", "incomeBeforeTax": "1384000000", "incomeTaxExpense": "162000000", "interestAndDebtExpense": "166000000", "netIncomeFromContinuingOperations": "1222000000", "comprehensiveIncomeNetOfTax": "1092000000", "ebit": "1550000000", "ebitda": "1616000000", "netIncome": "1222000000"}, {"fiscalDateEnding": "2017-12-31", "reportedCurrency": "USD", "grossProfit": "939000000", "totalRevenue": "14198000000", "costOfRevenue": "13259000000", "costofGoodsAndServicesSold": "11827000000", "operatingIncome": "-1148000000", "sellingGeneralAndAdministrative": "1334000000", "researchAndDevelopment": "634000000", "operatingExpenses": "2087000000", "investmentIncomeNet": "None", "netInterestIncome": "-174000000", "interestIncome": "None", "interestExpense": "174000000", "nonInterestIncome": "14198000000", "otherNonOperatingIncome": "None", "depreciation": "None", "depreciationAndAmortization": "69000000", "incomeBeforeTax": "763000000", "incomeTaxExpense": "456000000", "interestAndDebtExpense": "174000000", "netIncomeFromContinuingOperations": "306000000", "comprehensiveIncomeNetOfTax": "537000000", "ebit": "937000000", "ebitda": "1006000000", "netIncome": "307000000"}, {"fiscalDateEnding": "2016-12-31", "reportedCurrency": "USD", "grossProfit": "976000000", "totalRevenue": "13788000000", "costOfRevenue": "12812000000", "costofGoodsAndServicesSold": "11337000000", "operatingIncome": "-1201000000", "sellingGeneralAndAdministrative": "1317000000", "researchAndDevelopment": "677000000", "operatingExpenses": "2177000000", "investmentIncomeNet": "None", "netInterestIncome": "-174000000", "interestIncome": "None", "interestExpense": "174000000", "nonInterestIncome": "13788000000", "otherNonOperatingIncome": "None", "depreciation": "None", "depreciationAndAmortization": "66000000", "incomeBeforeTax": "995000000", "incomeTaxExpense": "33000000", "interestAndDebtExpense": "174000000", "netIncomeFromContinuingOperations": "843000000", "comprehensiveIncomeNetOfTax": "755000000", "ebit": "1169000000", "ebitda": "1235000000", "netIncome": "962000000"}], "quarterlyReports": [{"fiscalDateEnding": "2021-09-30", "reportedCurrency": "USD", "grossProfit": "261000000", "totalRevenue": "2990000000", "costOfRevenue": "2729000000", "costofGoodsAndServicesSold": "2486000000", "operatingIncome": "-2794000000", "sellingGeneralAndAdministrative": "283000000", "researchAndDevelopment": "None", "operatingExpenses": "3055000000", "investmentIncomeNet": "None", "netInterestIncome": "-33000000", "interestIncome": "None", "interestExpense": "33000000", "nonInterestIncome": "0", "otherNonOperatingIncome": "None", "depreciation": "None", "depreciationAndAmortization": "None", "incomeBeforeTax": "218000000", "incomeTaxExpense": "33000000", "interestAndDebtExpense": "33000000", "netIncomeFromContinuingOperations": "185000000", "comprehensiveIncomeNetOfTax": "191000000", "ebit": "251000000", "ebitda": "None", "netIncome": "185000000"}, {"fiscalDateEnding": "2021-06-30", "reportedCurrency": "USD", "grossProfit": "256000000", "totalRevenue": "3191000000", "costOfRevenue": "2935000000", "costofGoodsAndServicesSold": "2660000000", "operatingIncome": "-3031000000", "sellingGeneralAndAdministrative": "314000000", "researchAndDevelopment": "None", "operatingExpenses": "3285000000", "investmentIncomeNet": "None", "netInterestIncome": "-36000000", "interestIncome": "None", "interestExpense": "36000000", "nonInterestIncome": "2000000", "otherNonOperatingIncome": "None", "depreciation": "None", "depreciationAndAmortization": "None", "incomeBeforeTax": "217000000", "incomeTaxExpense": "34000000", "interestAndDebtExpense": "36000000", "netIncomeFromContinuingOperations": "184000000", "comprehensiveIncomeNetOfTax": "230000000", "ebit": "253000000", "ebitda": "None", "netIncome": "183000000"}, {"fiscalDateEnding": "2021-03-31", "reportedCurrency": "USD", "grossProfit": "214000000", "totalRevenue": "2879000000", "costOfRevenue": "2665000000", "costofGoodsAndServicesSold": "2400000000", "operatingIncome": "-2780000000", "sellingGeneralAndAdministrative": "298000000", "researchAndDevelopment": "None", "operatingExpenses": "2979000000", "investmentIncomeNet": "None", "netInterestIncome": "-40000000", "interestIncome": "None", "interestExpense": "40000000", "nonInterestIncome": "15000000", "otherNonOperatingIncome": "None", "depreciation": "None", "depreciationAndAmortization": "None", "incomeBeforeTax": "190000000", "incomeTaxExpense": "19000000", "interestAndDebtExpense": "40000000", "netIncomeFromContinuingOperations": "-2759000000", "comprehensiveIncomeNetOfTax": "187000000", "ebit": "230000000", "ebitda": "None", "netIncome": "171000000"}, {"fiscalDateEnding": "2020-12-31", "reportedCurrency": "USD", "grossProfit": "None", "totalRevenue": "3667000000", "costOfRevenue": "None", "costofGoodsAndServicesSold": "3124000000", "operatingIncome": "None", "sellingGeneralAndAdministrative": "285000000", "researchAndDevelopment": "None", "operatingExpenses": "None", "investmentIncomeNet": "None", "netInterestIncome": "None", "interestIncome": "None", "interestExpense": "41000000", "nonInterestIncome": "None", "otherNonOperatingIncome": "None", "depreciation": "None", "depreciationAndAmortization": "None", "incomeBeforeTax": "215000000", "incomeTaxExpense": "-21000000", "interestAndDebtExpense": "None", "netIncomeFromContinuingOperations": "236000000", "comprehensiveIncomeNetOfTax": "214000000", "ebit": "256000000", "ebitda": "None", "netIncome": "236000000"}, {"fiscalDateEnding": "2020-09-30", "reportedCurrency": "USD", "grossProfit": "2735000000", "totalRevenue": "2735000000", "costOfRevenue": "2569000000", "costofGoodsAndServicesSold": "2332000000", "operatingIncome": "2735000000", "sellingGeneralAndAdministrative": "258000000", "researchAndDevelopment": "None", "operatingExpenses": "2877000000", "investmentIncomeNet": "None", "netInterestIncome": "-43000000", "interestIncome": "None", "interestExpense": "43000000", "nonInterestIncome": "0", "otherNonOperatingIncome": "None", "depreciation": "None", "depreciationAndAmortization": "None", "incomeBeforeTax": "116000000", "incomeTaxExpense": "1000000", "interestAndDebtExpense": "43000000", "netIncomeFromContinuingOperations": "115000000", "comprehensiveIncomeNetOfTax": "189000000", "ebit": "159000000", "ebitda": "None", "netIncome": "115000000"}, {"fiscalDateEnding": "2020-06-30", "reportedCurrency": "USD", "grossProfit": "2417000000", "totalRevenue": "2472000000", "costOfRevenue": "55000000", "costofGoodsAndServicesSold": "2251000000", "operatingIncome": "2417000000", "sellingGeneralAndAdministrative": "239000000", "researchAndDevelopment": "None", "operatingExpenses": "2829000000", "investmentIncomeNet": "None", "netInterestIncome": "-42000000", "interestIncome": "None", "interestExpense": "42000000", "nonInterestIncome": "0", "otherNonOperatingIncome": "None", "depreciation": "None", "depreciationAndAmortization": "None", "incomeBeforeTax": "-118000000", "incomeTaxExpense": "-26000000", "interestAndDebtExpense": "42000000", "netIncomeFromContinuingOperations": "-92000000", "comprehensiveIncomeNetOfTax": "-24000000", "ebit": "-76000000", "ebitda": "None", "netIncome": "-92000000"}, {"fiscalDateEnding": "2020-03-31", "reportedCurrency": "USD", "grossProfit": "2777000000", "totalRevenue": "2777000000", "costOfRevenue": "2668000000", "costofGoodsAndServicesSold": "2387000000", "operatingIncome": "2777000000", "sellingGeneralAndAdministrative": "263000000", "researchAndDevelopment": "None", "operatingExpenses": "3010000000", "investmentIncomeNet": "None", "netInterestIncome": "-40000000", "interestIncome": "None", "interestExpense": "40000000", "nonInterestIncome": "0", "otherNonOperatingIncome": "None", "depreciation": "None", "depreciationAndAmortization": "None", "incomeBeforeTax": "69000000", "incomeTaxExpense": "19000000", "interestAndDebtExpense": "40000000", "netIncomeFromContinuingOperations": "50000000", "comprehensiveIncomeNetOfTax": "38000000", "ebit": "109000000", "ebitda": "None", "netIncome": "50000000"}, {"fiscalDateEnding": "2019-12-31", "reportedCurrency": "USD", "grossProfit": "4035000000", "totalRevenue": "4035000000", "costOfRevenue": "3775000000", "costofGoodsAndServicesSold": "3441000000", "operatingIncome": "4035000000", "sellingGeneralAndAdministrative": "298000000", "researchAndDevelopment": "None", "operatingExpenses": "13697000000", "investmentIncomeNet": "None", "netInterestIncome": "-42000000", "interestIncome": "None", "interestExpense": "42000000", "nonInterestIncome": "None", "otherNonOperatingIncome": "None", "depreciation": "None", "depreciationAndAmortization": "None", "incomeBeforeTax": "210000000", "incomeTaxExpense": "11000000", "interestAndDebtExpense": "42000000", "netIncomeFromContinuingOperations": "199000000", "comprehensiveIncomeNetOfTax": "81000000", "ebit": "252000000", "ebitda": "None", "netIncome": "199000000"}, {"fiscalDateEnding": "2019-09-30", "reportedCurrency": "USD", "grossProfit": "285000000", "totalRevenue": "3259000000", "costOfRevenue": "2974000000", "costofGoodsAndServicesSold": "2747000000", "operatingIncome": "30000000", "sellingGeneralAndAdministrative": "255000000", "researchAndDevelopment": "None", "operatingExpenses": "255000000", "investmentIncomeNet": "None", "netInterestIncome": "-44000000", "interestIncome": "None", "interestExpense": "44000000", "nonInterestIncome": "3259000000", "otherNonOperatingIncome": "None", "depreciation": "None", "depreciationAndAmortization": "None", "incomeBeforeTax": "241000000", "incomeTaxExpense": "21000000", "interestAndDebtExpense": "44000000", "netIncomeFromContinuingOperations": "220000000", "comprehensiveIncomeNetOfTax": "206000000", "ebit": "285000000", "ebitda": "None", "netIncome": "220000000"}, {"fiscalDateEnding": "2019-06-30", "reportedCurrency": "USD", "grossProfit": "322000000", "totalRevenue": "3227000000", "costOfRevenue": "2905000000", "costofGoodsAndServicesSold": "2641000000", "operatingIncome": "30000000", "sellingGeneralAndAdministrative": "292000000", "researchAndDevelopment": "None", "operatingExpenses": "292000000", "investmentIncomeNet": "None", "netInterestIncome": "-43000000", "interestIncome": "None", "interestExpense": "43000000", "nonInterestIncome": "3227000000", "otherNonOperatingIncome": "None", "depreciation": "None", "depreciationAndAmortization": "None", "incomeBeforeTax": "279000000", "incomeTaxExpense": "62000000", "interestAndDebtExpense": "43000000", "netIncomeFromContinuingOperations": "217000000", "comprehensiveIncomeNetOfTax": "238000000", "ebit": "322000000", "ebitda": "None", "netIncome": "217000000"}, {"fiscalDateEnding": "2019-03-31", "reportedCurrency": "USD", "grossProfit": "254000000", "totalRevenue": "3109000000", "costOfRevenue": "2855000000", "costofGoodsAndServicesSold": "2577000000", "operatingIncome": "-53000000", "sellingGeneralAndAdministrative": "307000000", "researchAndDevelopment": "None", "operatingExpenses": "307000000", "investmentIncomeNet": "None", "netInterestIncome": "-42000000", "interestIncome": "None", "interestExpense": "42000000", "nonInterestIncome": "3109000000", "otherNonOperatingIncome": "None", "depreciation": "None", "depreciationAndAmortization": "None", "incomeBeforeTax": "212000000", "incomeTaxExpense": "33000000", "interestAndDebtExpense": "42000000", "netIncomeFromContinuingOperations": "179000000", "comprehensiveIncomeNetOfTax": "205000000", "ebit": "254000000", "ebitda": "None", "netIncome": "179000000"}, {"fiscalDateEnding": "2018-12-31", "reportedCurrency": "USD", "grossProfit": "645000000", "totalRevenue": "3750000000", "costOfRevenue": "3105000000", "costofGoodsAndServicesSold": "3105000000", "operatingIncome": "3674000000", "sellingGeneralAndAdministrative": "271000000", "researchAndDevelopment": "None", "operatingExpenses": "38000000", "investmentIncomeNet": "None", "netInterestIncome": "-42000000", "interestIncome": "None", "interestExpense": "42000000", "nonInterestIncome": "4194000000", "otherNonOperatingIncome": "None", "depreciation": "None", "depreciationAndAmortization": "None", "incomeBeforeTax": "278000000", "incomeTaxExpense": "32000000", "interestAndDebtExpense": "42000000", "netIncomeFromContinuingOperations": "246000000", "comprehensiveIncomeNetOfTax": "38000000", "ebit": "320000000", "ebitda": "None", "netIncome": "246000000"}, {"fiscalDateEnding": "2018-09-30", "reportedCurrency": "USD", "grossProfit": "513000000", "totalRevenue": "3200000000", "costOfRevenue": "2687000000", "costofGoodsAndServicesSold": "2687000000", "operatingIncome": "650000000", "sellingGeneralAndAdministrative": "307000000", "researchAndDevelopment": "None", "operatingExpenses": "-137000000", "investmentIncomeNet": "None", "netInterestIncome": "-41000000", "interestIncome": "None", "interestExpense": "41000000", "nonInterestIncome": "3200000000", "otherNonOperatingIncome": "None", "depreciation": "None", "depreciationAndAmortization": "None", "incomeBeforeTax": "628000000", "incomeTaxExpense": "65000000", "interestAndDebtExpense": "41000000", "netIncomeFromContinuingOperations": "563000000", "comprehensiveIncomeNetOfTax": "609000000", "ebit": "669000000", "ebitda": "None", "netIncome": "563000000"}, {"fiscalDateEnding": "2018-06-30", "reportedCurrency": "USD", "grossProfit": "653000000", "totalRevenue": "3726000000", "costOfRevenue": "3073000000", "costofGoodsAndServicesSold": "3073000000", "operatingIncome": "283000000", "sellingGeneralAndAdministrative": "370000000", "researchAndDevelopment": "None", "operatingExpenses": "370000000", "investmentIncomeNet": "None", "netInterestIncome": "-42000000", "interestIncome": "None", "interestExpense": "42000000", "nonInterestIncome": "3726000000", "otherNonOperatingIncome": "None", "depreciation": "None", "depreciationAndAmortization": "None", "incomeBeforeTax": "260000000", "incomeTaxExpense": "36000000", "interestAndDebtExpense": "42000000", "netIncomeFromContinuingOperations": "224000000", "comprehensiveIncomeNetOfTax": "182000000", "ebit": "302000000", "ebitda": "None", "netIncome": "224000000"}, {"fiscalDateEnding": "2018-03-31", "reportedCurrency": "USD", "grossProfit": "567000000", "totalRevenue": "3296000000", "costOfRevenue": "2729000000", "costofGoodsAndServicesSold": "2729000000", "operatingIncome": "239000000", "sellingGeneralAndAdministrative": "327000000", "researchAndDevelopment": "None", "operatingExpenses": "328000000", "investmentIncomeNet": "None", "netInterestIncome": "-41000000", "interestIncome": "None", "interestExpense": "41000000", "nonInterestIncome": "3296000000", "otherNonOperatingIncome": "None", "depreciation": "None", "depreciationAndAmortization": "None", "incomeBeforeTax": "218000000", "incomeTaxExpense": "29000000", "interestAndDebtExpense": "41000000", "netIncomeFromContinuingOperations": "189000000", "comprehensiveIncomeNetOfTax": "263000000", "ebit": "259000000", "ebitda": "None", "netIncome": "189000000"}, {"fiscalDateEnding": "2017-12-31", "reportedCurrency": "USD", "grossProfit": "4017000000", "totalRevenue": "4017000000", "costOfRevenue": "3796000000", "costofGoodsAndServicesSold": "3355000000", "operatingIncome": "4017000000", "sellingGeneralAndAdministrative": "347000000", "researchAndDevelopment": "None", "operatingExpenses": "1075000000", "investmentIncomeNet": "None", "netInterestIncome": "-45000000", "interestIncome": "None", "interestExpense": "45000000", "nonInterestIncome": "None", "otherNonOperatingIncome": "None", "depreciation": "None", "depreciationAndAmortization": "None", "incomeBeforeTax": "223000000", "incomeTaxExpense": "329000000", "interestAndDebtExpense": "45000000", "netIncomeFromContinuingOperations": "-106000000", "comprehensiveIncomeNetOfTax": "-62000000", "ebit": "268000000", "ebitda": "None", "netIncome": "-106000000"}, {"fiscalDateEnding": "2017-09-30", "reportedCurrency": "USD", "grossProfit": "272000000", "totalRevenue": "3484000000", "costOfRevenue": "3212000000", "costofGoodsAndServicesSold": "2884000000", "operatingIncome": "-63000000", "sellingGeneralAndAdministrative": "335000000", "researchAndDevelopment": "None", "operatingExpenses": "335000000", "investmentIncomeNet": "None", "netInterestIncome": "-44000000", "interestIncome": "None", "interestExpense": "44000000", "nonInterestIncome": "None", "otherNonOperatingIncome": "None", "depreciation": "None", "depreciationAndAmortization": "None", "incomeBeforeTax": "203000000", "incomeTaxExpense": "44000000", "interestAndDebtExpense": "44000000", "netIncomeFromContinuingOperations": "159000000", "comprehensiveIncomeNetOfTax": "226000000", "ebit": "247000000", "ebitda": "None", "netIncome": "159000000"}, {"fiscalDateEnding": "2017-06-30", "reportedCurrency": "USD", "grossProfit": "3604000000", "totalRevenue": "3604000000", "costOfRevenue": "3339000000", "costofGoodsAndServicesSold": "2996000000", "operatingIncome": "3604000000", "sellingGeneralAndAdministrative": "343000000", "researchAndDevelopment": "None", "operatingExpenses": "343000000", "investmentIncomeNet": "None", "netInterestIncome": "-43000000", "interestIncome": "None", "interestExpense": "43000000", "nonInterestIncome": "None", "otherNonOperatingIncome": "None", "depreciation": "None", "depreciationAndAmortization": "None", "incomeBeforeTax": "215000000", "incomeTaxExpense": "62000000", "interestAndDebtExpense": "43000000", "netIncomeFromContinuingOperations": "153000000", "comprehensiveIncomeNetOfTax": "222000000", "ebit": "258000000", "ebitda": "None", "netIncome": "153000000"}, {"fiscalDateEnding": "2017-03-31", "reportedCurrency": "USD", "grossProfit": "3093000000", "totalRevenue": "3093000000", "costOfRevenue": "2912000000", "costofGoodsAndServicesSold": "2592000000", "operatingIncome": "3093000000", "sellingGeneralAndAdministrative": "309000000", "researchAndDevelopment": "None", "operatingExpenses": "320000000", "investmentIncomeNet": "None", "netInterestIncome": "-42000000", "interestIncome": "None", "interestExpense": "42000000", "nonInterestIncome": "None", "otherNonOperatingIncome": "None", "depreciation": "None", "depreciationAndAmortization": "None", "incomeBeforeTax": "122000000", "incomeTaxExpense": "21000000", "interestAndDebtExpense": "42000000", "netIncomeFromContinuingOperations": "100000000", "comprehensiveIncomeNetOfTax": "151000000", "ebit": "164000000", "ebitda": "None", "netIncome": "101000000"}, {"fiscalDateEnding": "2016-12-31", "reportedCurrency": "USD", "grossProfit": "3825000000", "totalRevenue": "3825000000", "costOfRevenue": "3642000000", "costofGoodsAndServicesSold": "3152000000", "operatingIncome": "3825000000", "sellingGeneralAndAdministrative": "368000000", "researchAndDevelopment": "None", "operatingExpenses": "1192000000", "investmentIncomeNet": "None", "netInterestIncome": "-42000000", "interestIncome": "None", "interestExpense": "42000000", "nonInterestIncome": "None", "otherNonOperatingIncome": "None", "depreciation": "None", "depreciationAndAmortization": "None", "incomeBeforeTax": "293000000", "incomeTaxExpense": "79000000", "interestAndDebtExpense": "42000000", "netIncomeFromContinuingOperations": "215000000", "comprehensiveIncomeNetOfTax": "-76000000", "ebit": "335000000", "ebitda": "None", "netIncome": "214000000"}]}