{"symbol": "TYL", "annualReports": [{"fiscalDateEnding": "2020-12-31", "reportedCurrency": "USD", "grossProfit": "542512000", "totalRevenue": "1116663000", "costOfRevenue": "888812000", "costofGoodsAndServicesSold": "574151000", "operatingIncome": "172926000", "sellingGeneralAndAdministrative": "259561000", "researchAndDevelopment": "88363000", "operatingExpenses": "404141000", "investmentIncomeNet": "None", "netInterestIncome": "None", "interestIncome": "None", "interestExpense": "None", "nonInterestIncome": "1116663000", "otherNonOperatingIncome": "2116000", "depreciation": "25500000", "depreciationAndAmortization": "55100000", "incomeBeforeTax": "175042000", "incomeTaxExpense": "-19778000", "interestAndDebtExpense": "None", "netIncomeFromContinuingOperations": "194820000", "comprehensiveIncomeNetOfTax": "194820000", "ebit": "172926000", "ebitda": "228026000", "netIncome": "194820000"}, {"fiscalDateEnding": "2019-12-31", "reportedCurrency": "USD", "grossProfit": "516900000", "totalRevenue": "1086427000", "costOfRevenue": "880073000", "costofGoodsAndServicesSold": "569527000", "operatingIncome": "156367000", "sellingGeneralAndAdministrative": "257746000", "researchAndDevelopment": "81300000", "operatingExpenses": "393482000", "investmentIncomeNet": "None", "netInterestIncome": "None", "interestIncome": "None", "interestExpense": "-1750000", "nonInterestIncome": "1086427000", "otherNonOperatingIncome": "3471000", "depreciation": "23400000", "depreciationAndAmortization": "52800000", "incomeBeforeTax": "159838000", "incomeTaxExpense": "13311000", "interestAndDebtExpense": "None", "netIncomeFromContinuingOperations": "146527000", "comprehensiveIncomeNetOfTax": "146527000", "ebit": "156367000", "ebitda": "209167000", "netIncome": "146527000"}, {"fiscalDateEnding": "2018-12-31", "reportedCurrency": "USD", "grossProfit": "439578000", "totalRevenue": "935282000", "costOfRevenue": "742909000", "costofGoodsAndServicesSold": "495704000", "operatingIncome": "152492000", "sellingGeneralAndAdministrative": "207605000", "researchAndDevelopment": "63300000", "operatingExpenses": "312791000", "investmentIncomeNet": "None", "netInterestIncome": "None", "interestIncome": "None", "interestExpense": "-770000", "nonInterestIncome": "935282000", "otherNonOperatingIncome": "3378000", "depreciation": "21200000", "depreciationAndAmortization": "39600000", "incomeBeforeTax": "155870000", "incomeTaxExpense": "8408000", "interestAndDebtExpense": "None", "netIncomeFromContinuingOperations": "147462000", "comprehensiveIncomeNetOfTax": "147462000", "ebit": "152492000", "ebitda": "192092000", "netIncome": "147462000"}, {"fiscalDateEnding": "2017-12-31", "reportedCurrency": "USD", "grossProfit": "399377000", "totalRevenue": "840662000", "costOfRevenue": "654496000", "costofGoodsAndServicesSold": "441522000", "operatingIncome": "162758000", "sellingGeneralAndAdministrative": "175914000", "researchAndDevelopment": "47324000", "operatingExpenses": "264408000", "investmentIncomeNet": "None", "netInterestIncome": "None", "interestIncome": "None", "interestExpense": "-804000", "nonInterestIncome": "840899000", "otherNonOperatingIncome": "698000", "depreciation": "17300000", "depreciationAndAmortization": "36000000", "incomeBeforeTax": "163456000", "incomeTaxExpense": "-6115000", "interestAndDebtExpense": "None", "netIncomeFromContinuingOperations": "163945000", "comprehensiveIncomeNetOfTax": "163945000", "ebit": "162758000", "ebitda": "198758000", "netIncome": "169571000"}, {"fiscalDateEnding": "2016-12-31", "reportedCurrency": "USD", "grossProfit": "359188000", "totalRevenue": "756043000", "costOfRevenue": "604253000", "costofGoodsAndServicesSold": "400692000", "operatingIncome": "137656000", "sellingGeneralAndAdministrative": "165176000", "researchAndDevelopment": "43154000", "operatingExpenses": "251199000", "investmentIncomeNet": "None", "netInterestIncome": "None", "interestIncome": "None", "interestExpense": "-1900000", "nonInterestIncome": "759880000", "otherNonOperatingIncome": "-1998000", "depreciation": "13400000", "depreciationAndAmortization": "36400000", "incomeBeforeTax": "135658000", "incomeTaxExpense": "21957000", "interestAndDebtExpense": "None", "netIncomeFromContinuingOperations": "109857000", "comprehensiveIncomeNetOfTax": "109857000", "ebit": "137656000", "ebitda": "174056000", "netIncome": "113701000"}], "quarterlyReports": [{"fiscalDateEnding": "2021-09-30", "reportedCurrency": "USD", "grossProfit": "196216000", "totalRevenue": "454477000", "costOfRevenue": "365504000", "costofGoodsAndServicesSold": "263657000", "operatingIncome": "56184000", "sellingGeneralAndAdministrative": "101847000", "researchAndDevelopment": "24002000", "operatingExpenses": "125849000", "investmentIncomeNet": "None", "netInterestIncome": "-5396000", "interestIncome": "-5396000", "interestExpense": "5396000", "nonInterestIncome": "459873000", "otherNonOperatingIncome": "445000", "depreciation": "None", "depreciationAndAmortization": "36888000", "incomeBeforeTax": "51233000", "incomeTaxExpense": "7063000", "interestAndDebtExpense": "None", "netIncomeFromContinuingOperations": "44170000", "comprehensiveIncomeNetOfTax": "44170000", "ebit": "56184000", "ebitda": "93517000", "netIncome": "44170000"}, {"fiscalDateEnding": "2021-06-30", "reportedCurrency": "USD", "grossProfit": "182061000", "totalRevenue": "391637000", "costOfRevenue": "330936000", "costofGoodsAndServicesSold": "222014000", "operatingIncome": "38291000", "sellingGeneralAndAdministrative": "108922000", "researchAndDevelopment": "23428000", "operatingExpenses": "132350000", "investmentIncomeNet": "None", "netInterestIncome": "-12438000", "interestIncome": "-5228000", "interestExpense": "12438000", "nonInterestIncome": "404075000", "otherNonOperatingIncome": "-12199000", "depreciation": "None", "depreciationAndAmortization": "39876000", "incomeBeforeTax": "26092000", "incomeTaxExpense": "562000", "interestAndDebtExpense": "12438000", "netIncomeFromContinuingOperations": "25530000", "comprehensiveIncomeNetOfTax": "25530000", "ebit": "38291000", "ebitda": "78406000", "netIncome": "25530000"}, {"fiscalDateEnding": "2021-03-31", "reportedCurrency": "USD", "grossProfit": "144207000", "totalRevenue": "294719000", "costOfRevenue": "229369000", "costofGoodsAndServicesSold": "150595000", "operatingIncome": "38208000", "sellingGeneralAndAdministrative": "78774000", "researchAndDevelopment": "21813000", "operatingExpenses": "100014000", "investmentIncomeNet": "None", "netInterestIncome": "-83000", "interestIncome": "-178000", "interestExpense": "83000", "nonInterestIncome": "294802000", "otherNonOperatingIncome": "88000", "depreciation": "None", "depreciationAndAmortization": "21100000", "incomeBeforeTax": "38296000", "incomeTaxExpense": "1320000", "interestAndDebtExpense": "178000", "netIncomeFromContinuingOperations": "36976000", "comprehensiveIncomeNetOfTax": "36976000", "ebit": "38208000", "ebitda": "59396000", "netIncome": "36976000"}, {"fiscalDateEnding": "2020-12-31", "reportedCurrency": "USD", "grossProfit": "138669000", "totalRevenue": "283285000", "costOfRevenue": "262452000", "costofGoodsAndServicesSold": "144616000", "operatingIncome": "48036000", "sellingGeneralAndAdministrative": "62736000", "researchAndDevelopment": "22411000", "operatingExpenses": "141364000", "investmentIncomeNet": "None", "netInterestIncome": "None", "interestIncome": "None", "interestExpense": "None", "nonInterestIncome": "283285000", "otherNonOperatingIncome": "376000", "depreciation": "None", "depreciationAndAmortization": "20911000", "incomeBeforeTax": "48412000", "incomeTaxExpense": "-5682000", "interestAndDebtExpense": "None", "netIncomeFromContinuingOperations": "48412000", "comprehensiveIncomeNetOfTax": "48412000", "ebit": "48036000", "ebitda": "69323000", "netIncome": "54094000"}, {"fiscalDateEnding": "2020-09-30", "reportedCurrency": "USD", "grossProfit": "143509000", "totalRevenue": "285746000", "costOfRevenue": "209056000", "costofGoodsAndServicesSold": "142237000", "operatingIncome": "49656000", "sellingGeneralAndAdministrative": "66819000", "researchAndDevelopment": "21642000", "operatingExpenses": "88461000", "investmentIncomeNet": "None", "netInterestIncome": "-254000", "interestIncome": "None", "interestExpense": "None", "nonInterestIncome": "285746000", "otherNonOperatingIncome": "534000", "depreciation": "None", "depreciationAndAmortization": "20476000", "incomeBeforeTax": "49936000", "incomeTaxExpense": "10652000", "interestAndDebtExpense": "None", "netIncomeFromContinuingOperations": "39284000", "comprehensiveIncomeNetOfTax": "39284000", "ebit": "49656000", "ebitda": "70412000", "netIncome": "39284000"}, {"fiscalDateEnding": "2020-06-30", "reportedCurrency": "USD", "grossProfit": "131203000", "totalRevenue": "271091000", "costOfRevenue": "202409000", "costofGoodsAndServicesSold": "139888000", "operatingIncome": "41341000", "sellingGeneralAndAdministrative": "62521000", "researchAndDevelopment": "21949000", "operatingExpenses": "84470000", "investmentIncomeNet": "None", "netInterestIncome": "-251000", "interestIncome": "None", "interestExpense": "251000", "nonInterestIncome": "271091000", "otherNonOperatingIncome": "470000", "depreciation": "None", "depreciationAndAmortization": "20285000", "incomeBeforeTax": "41811000", "incomeTaxExpense": "-12081000", "interestAndDebtExpense": "251000", "netIncomeFromContinuingOperations": "53892000", "comprehensiveIncomeNetOfTax": "53892000", "ebit": "41341000", "ebitda": "62096000", "netIncome": "53892000"}, {"fiscalDateEnding": "2020-03-31", "reportedCurrency": "USD", "grossProfit": "129131000", "totalRevenue": "276541000", "costOfRevenue": "214895000", "costofGoodsAndServicesSold": "147410000", "operatingIncome": "33893000", "sellingGeneralAndAdministrative": "67485000", "researchAndDevelopment": "22361000", "operatingExpenses": "89846000", "investmentIncomeNet": "None", "netInterestIncome": "-251000", "interestIncome": "990000", "interestExpense": "251000", "nonInterestIncome": "276541000", "otherNonOperatingIncome": "990000", "depreciation": "None", "depreciationAndAmortization": "19985000", "incomeBeforeTax": "34883000", "incomeTaxExpense": "-12667000", "interestAndDebtExpense": "251000", "netIncomeFromContinuingOperations": "47550000", "comprehensiveIncomeNetOfTax": "47550000", "ebit": "33893000", "ebitda": "54868000", "netIncome": "47550000"}, {"fiscalDateEnding": "2019-12-31", "reportedCurrency": "USD", "grossProfit": "142275000", "totalRevenue": "288837000", "costOfRevenue": "253865000", "costofGoodsAndServicesSold": "146562000", "operatingIncome": "45157000", "sellingGeneralAndAdministrative": "70265000", "researchAndDevelopment": "21128000", "operatingExpenses": "127159000", "investmentIncomeNet": "None", "netInterestIncome": "None", "interestIncome": "None", "interestExpense": "-1750000", "nonInterestIncome": "288837000", "otherNonOperatingIncome": "2633000", "depreciation": "None", "depreciationAndAmortization": "37038000", "incomeBeforeTax": "47790000", "incomeTaxExpense": "1000000", "interestAndDebtExpense": "None", "netIncomeFromContinuingOperations": "47790000", "comprehensiveIncomeNetOfTax": "47790000", "ebit": "45157000", "ebitda": "82195000", "netIncome": "46790000"}, {"fiscalDateEnding": "2019-09-30", "reportedCurrency": "USD", "grossProfit": "130717000", "totalRevenue": "275400000", "costOfRevenue": "214217000", "costofGoodsAndServicesSold": "144683000", "operatingIncome": "40053000", "sellingGeneralAndAdministrative": "63888000", "researchAndDevelopment": "21130000", "operatingExpenses": "90664000", "investmentIncomeNet": "None", "netInterestIncome": "None", "interestIncome": "None", "interestExpense": "-1750000", "nonInterestIncome": "275400000", "otherNonOperatingIncome": "499000", "depreciation": "None", "depreciationAndAmortization": "5646000", "incomeBeforeTax": "40552000", "incomeTaxExpense": "162000", "interestAndDebtExpense": "None", "netIncomeFromContinuingOperations": "40390000", "comprehensiveIncomeNetOfTax": "40390000", "ebit": "40053000", "ebitda": "45699000", "netIncome": "40390000"}, {"fiscalDateEnding": "2019-06-30", "reportedCurrency": "USD", "grossProfit": "127860000", "totalRevenue": "275124000", "costOfRevenue": "218357000", "costofGoodsAndServicesSold": "147264000", "operatingIncome": "36666000", "sellingGeneralAndAdministrative": "65827000", "researchAndDevelopment": "20101000", "operatingExpenses": "91194000", "investmentIncomeNet": "None", "netInterestIncome": "None", "interestIncome": "None", "interestExpense": "-709000", "nonInterestIncome": "275124000", "otherNonOperatingIncome": "-247000", "depreciation": "None", "depreciationAndAmortization": "5266000", "incomeBeforeTax": "36419000", "incomeTaxExpense": "4420000", "interestAndDebtExpense": "None", "netIncomeFromContinuingOperations": "31999000", "comprehensiveIncomeNetOfTax": "31999000", "ebit": "36666000", "ebitda": "41932000", "netIncome": "31999000"}, {"fiscalDateEnding": "2019-03-31", "reportedCurrency": "USD", "grossProfit": "116048000", "totalRevenue": "247066000", "costOfRevenue": "193634000", "costofGoodsAndServicesSold": "131018000", "operatingIncome": "34491000", "sellingGeneralAndAdministrative": "57766000", "researchAndDevelopment": "18941000", "operatingExpenses": "82705000", "investmentIncomeNet": "None", "netInterestIncome": "None", "interestIncome": "None", "interestExpense": "-709000", "nonInterestIncome": "247066000", "otherNonOperatingIncome": "586000", "depreciation": "None", "depreciationAndAmortization": "4850000", "incomeBeforeTax": "35077000", "incomeTaxExpense": "7729000", "interestAndDebtExpense": "None", "netIncomeFromContinuingOperations": "27348000", "comprehensiveIncomeNetOfTax": "27348000", "ebit": "34491000", "ebitda": "39341000", "netIncome": "27348000"}, {"fiscalDateEnding": "2018-12-31", "reportedCurrency": "USD", "grossProfit": "115871000", "totalRevenue": "241981000", "costOfRevenue": "209102000", "costofGoodsAndServicesSold": "126110000", "operatingIncome": "38927000", "sellingGeneralAndAdministrative": "55134000", "researchAndDevelopment": "17371000", "operatingExpenses": "100935000", "investmentIncomeNet": "None", "netInterestIncome": "None", "interestIncome": "None", "interestExpense": "-770000", "nonInterestIncome": "241981000", "otherNonOperatingIncome": "1180000", "depreciation": "None", "depreciationAndAmortization": "27858000", "incomeBeforeTax": "40107000", "incomeTaxExpense": "8555000", "interestAndDebtExpense": "None", "netIncomeFromContinuingOperations": "40107000", "comprehensiveIncomeNetOfTax": "40107000", "ebit": "38927000", "ebitda": "66785000", "netIncome": "31552000"}, {"fiscalDateEnding": "2018-09-30", "reportedCurrency": "USD", "grossProfit": "111626000", "totalRevenue": "236067000", "costOfRevenue": "181432000", "costofGoodsAndServicesSold": "124441000", "operatingIncome": "37585000", "sellingGeneralAndAdministrative": "52605000", "researchAndDevelopment": "17050000", "operatingExpenses": "74041000", "investmentIncomeNet": "None", "netInterestIncome": "None", "interestIncome": "None", "interestExpense": "-770000", "nonInterestIncome": "236067000", "otherNonOperatingIncome": "1041000", "depreciation": "None", "depreciationAndAmortization": "4386000", "incomeBeforeTax": "38626000", "incomeTaxExpense": "-298000", "interestAndDebtExpense": "None", "netIncomeFromContinuingOperations": "38924000", "comprehensiveIncomeNetOfTax": "38924000", "ebit": "37585000", "ebitda": "41971000", "netIncome": "38924000"}, {"fiscalDateEnding": "2018-06-30", "reportedCurrency": "USD", "grossProfit": "109276000", "totalRevenue": "236060000", "costOfRevenue": "183087000", "costofGoodsAndServicesSold": "126784000", "operatingIncome": "37142000", "sellingGeneralAndAdministrative": "52262000", "researchAndDevelopment": "15831000", "operatingExpenses": "72134000", "investmentIncomeNet": "None", "netInterestIncome": "None", "interestIncome": "None", "interestExpense": "-770000", "nonInterestIncome": "236060000", "otherNonOperatingIncome": "558000", "depreciation": "None", "depreciationAndAmortization": "4041000", "incomeBeforeTax": "37700000", "incomeTaxExpense": "-1461000", "interestAndDebtExpense": "None", "netIncomeFromContinuingOperations": "39161000", "comprehensiveIncomeNetOfTax": "39161000", "ebit": "37142000", "ebitda": "41183000", "netIncome": "39161000"}, {"fiscalDateEnding": "2018-03-31", "reportedCurrency": "USD", "grossProfit": "102805000", "totalRevenue": "442348000", "costOfRevenue": "169288000", "costofGoodsAndServicesSold": "118369000", "operatingIncome": "38838000", "sellingGeneralAndAdministrative": "47604000", "researchAndDevelopment": "13048000", "operatingExpenses": "64287000", "investmentIncomeNet": "None", "netInterestIncome": "None", "interestIncome": "None", "interestExpense": "-770000", "nonInterestIncome": "221174000", "otherNonOperatingIncome": "599000", "depreciation": "None", "depreciationAndAmortization": "3315000", "incomeBeforeTax": "39437000", "incomeTaxExpense": "1612000", "interestAndDebtExpense": "None", "netIncomeFromContinuingOperations": "37825000", "comprehensiveIncomeNetOfTax": "37825000", "ebit": "38838000", "ebitda": "42153000", "netIncome": "37825000"}, {"fiscalDateEnding": "2017-12-31", "reportedCurrency": "USD", "grossProfit": "105350000", "totalRevenue": "217851000", "costOfRevenue": "183663000", "costofGoodsAndServicesSold": "112351000", "operatingIncome": "44347000", "sellingGeneralAndAdministrative": "45621000", "researchAndDevelopment": "12017000", "operatingExpenses": "87439000", "investmentIncomeNet": "None", "netInterestIncome": "None", "interestIncome": "None", "interestExpense": "191000", "nonInterestIncome": "217701000", "otherNonOperatingIncome": "914000", "depreciation": "None", "depreciationAndAmortization": "25587000", "incomeBeforeTax": "45261000", "incomeTaxExpense": "-20935000", "interestAndDebtExpense": "None", "netIncomeFromContinuingOperations": "45173000", "comprehensiveIncomeNetOfTax": "45173000", "ebit": "44347000", "ebitda": "69934000", "netIncome": "66196000"}, {"fiscalDateEnding": "2017-09-30", "reportedCurrency": "USD", "grossProfit": "103989000", "totalRevenue": "214146000", "costOfRevenue": "158865000", "costofGoodsAndServicesSold": "110717000", "operatingIncome": "44282000", "sellingGeneralAndAdministrative": "44513000", "researchAndDevelopment": "11834000", "operatingExpenses": "59982000", "investmentIncomeNet": "None", "netInterestIncome": "None", "interestIncome": "None", "interestExpense": "191000", "nonInterestIncome": "214706000", "otherNonOperatingIncome": "75000", "depreciation": "None", "depreciationAndAmortization": "3492000", "incomeBeforeTax": "44357000", "incomeTaxExpense": "5521000", "interestAndDebtExpense": "None", "netIncomeFromContinuingOperations": "38263000", "comprehensiveIncomeNetOfTax": "38263000", "ebit": "44282000", "ebitda": "47774000", "netIncome": "38836000"}, {"fiscalDateEnding": "2017-06-30", "reportedCurrency": "USD", "grossProfit": "95503000", "totalRevenue": "209123000", "costOfRevenue": "160174000", "costofGoodsAndServicesSold": "113260000", "operatingIncome": "37298000", "sellingGeneralAndAdministrative": "43000000", "researchAndDevelopment": "11874000", "operatingExpenses": "58788000", "investmentIncomeNet": "None", "netInterestIncome": "None", "interestIncome": "None", "interestExpense": "189000", "nonInterestIncome": "208763000", "otherNonOperatingIncome": "-101000", "depreciation": "None", "depreciationAndAmortization": "3463000", "incomeBeforeTax": "37197000", "incomeTaxExpense": "5427000", "interestAndDebtExpense": "None", "netIncomeFromContinuingOperations": "31578000", "comprehensiveIncomeNetOfTax": "31578000", "ebit": "37298000", "ebitda": "40761000", "netIncome": "31770000"}, {"fiscalDateEnding": "2017-03-31", "reportedCurrency": "USD", "grossProfit": "94535000", "totalRevenue": "199542000", "costOfRevenue": "151794000", "costofGoodsAndServicesSold": "105194000", "operatingIncome": "36831000", "sellingGeneralAndAdministrative": "42780000", "researchAndDevelopment": "11599000", "operatingExpenses": "58199000", "investmentIncomeNet": "None", "netInterestIncome": "None", "interestIncome": "None", "interestExpense": "191000", "nonInterestIncome": "199729000", "otherNonOperatingIncome": "-190000", "depreciation": "None", "depreciationAndAmortization": "3458000", "incomeBeforeTax": "36641000", "incomeTaxExpense": "3872000", "interestAndDebtExpense": "None", "netIncomeFromContinuingOperations": "32306000", "comprehensiveIncomeNetOfTax": "32306000", "ebit": "36831000", "ebitda": "40289000", "netIncome": "32769000"}, {"fiscalDateEnding": "2016-12-31", "reportedCurrency": "USD", "grossProfit": "92817000", "totalRevenue": "193281000", "costOfRevenue": "168754000", "costofGoodsAndServicesSold": "100464000", "operatingIncome": "41755000", "sellingGeneralAndAdministrative": "40178000", "researchAndDevelopment": "11792000", "operatingExpenses": "84566000", "investmentIncomeNet": "None", "netInterestIncome": "None", "interestIncome": "None", "interestExpense": "270000", "nonInterestIncome": "None", "otherNonOperatingIncome": "-285000", "depreciation": "None", "depreciationAndAmortization": "26127000", "incomeBeforeTax": "40396000", "incomeTaxExpense": "9200000", "interestAndDebtExpense": "None", "netIncomeFromContinuingOperations": "25919000", "comprehensiveIncomeNetOfTax": "25919000", "ebit": "41755000", "ebitda": "67882000", "netIncome": "31196000"}]}