{"symbol": "ULTA", "annualReports": [{"fiscalDateEnding": "2021-01-30", "reportedCurrency": "USD", "grossProfit": "1949159000", "totalRevenue": "6151953000", "costOfRevenue": "4202794000", "costofGoodsAndServicesSold": "4202794000", "operatingIncome": "236820000", "sellingGeneralAndAdministrative": "1583017000", "researchAndDevelopment": "None", "operatingExpenses": "1720092000", "investmentIncomeNet": "None", "netInterestIncome": "-5735000", "interestIncome": "None", "interestExpense": "-783000", "nonInterestIncome": "-6771000", "otherNonOperatingIncome": "None", "depreciation": "None", "depreciationAndAmortization": "926000", "incomeBeforeTax": "231085000", "incomeTaxExpense": "55250000", "interestAndDebtExpense": "None", "netIncomeFromContinuingOperations": "175835000", "comprehensiveIncomeNetOfTax": "175891000", "ebit": "236820000", "ebitda": "237746000", "netIncome": "175835000"}, {"fiscalDateEnding": "2020-02-01", "reportedCurrency": "USD", "grossProfit": "2681064000", "totalRevenue": "7398068000", "costOfRevenue": "4717004000", "costofGoodsAndServicesSold": "4717004000", "operatingIncome": "901094000", "sellingGeneralAndAdministrative": "1760716000", "researchAndDevelopment": "None", "operatingExpenses": "1786746000", "investmentIncomeNet": "None", "netInterestIncome": "5056000", "interestIncome": "5056000", "interestExpense": "5056000", "nonInterestIncome": "-5850000", "otherNonOperatingIncome": "None", "depreciation": "None", "depreciationAndAmortization": "926000", "incomeBeforeTax": "906150000", "incomeTaxExpense": "200205000", "interestAndDebtExpense": "None", "netIncomeFromContinuingOperations": "705945000", "comprehensiveIncomeNetOfTax": "705945000", "ebit": "901094000", "ebitda": "902020000", "netIncome": "705945000"}, {"fiscalDateEnding": "2019-02-02", "reportedCurrency": "USD", "grossProfit": "2409311000", "totalRevenue": "6716615000", "costOfRevenue": "4307304000", "costofGoodsAndServicesSold": "4307304000", "operatingIncome": "854080000", "sellingGeneralAndAdministrative": "1535464000", "researchAndDevelopment": "None", "operatingExpenses": "1558430000", "investmentIncomeNet": "None", "netInterestIncome": "5061000", "interestIncome": "5061000", "interestExpense": "5061000", "nonInterestIncome": "-2885000", "otherNonOperatingIncome": "None", "depreciation": "None", "depreciationAndAmortization": "314000", "incomeBeforeTax": "859141000", "incomeTaxExpense": "200582000", "interestAndDebtExpense": "None", "netIncomeFromContinuingOperations": "658559000", "comprehensiveIncomeNetOfTax": "658559000", "ebit": "854080000", "ebitda": "854394000", "netIncome": "658559000"}, {"fiscalDateEnding": "2018-02-03", "reportedCurrency": "USD", "grossProfit": "2096809000", "totalRevenue": "5884506000", "costOfRevenue": "3787697000", "costofGoodsAndServicesSold": "3787697000", "operatingIncome": "785291000", "sellingGeneralAndAdministrative": "1287232000", "researchAndDevelopment": "None", "operatingExpenses": "1319036000", "investmentIncomeNet": "None", "netInterestIncome": "1568000", "interestIncome": "1568000", "interestExpense": "1568000", "nonInterestIncome": "-7518000", "otherNonOperatingIncome": "None", "depreciation": "None", "depreciationAndAmortization": "252713000", "incomeBeforeTax": "786859000", "incomeTaxExpense": "231625000", "interestAndDebtExpense": "None", "netIncomeFromContinuingOperations": "555234000", "comprehensiveIncomeNetOfTax": "555234000", "ebit": "785291000", "ebitda": "1039572000", "netIncome": "555234000"}, {"fiscalDateEnding": "2017-01-28", "reportedCurrency": "USD", "grossProfit": "1747229000", "totalRevenue": "4854737000", "costOfRevenue": "3107508000", "costofGoodsAndServicesSold": "3107508000", "operatingIncome": "654824000", "sellingGeneralAndAdministrative": "1073834000", "researchAndDevelopment": "None", "operatingExpenses": "1104669000", "investmentIncomeNet": "None", "netInterestIncome": "890000", "interestIncome": "890000", "interestExpense": "0", "nonInterestIncome": "-9140000", "otherNonOperatingIncome": "None", "depreciation": "None", "depreciationAndAmortization": "210295000", "incomeBeforeTax": "655714000", "incomeTaxExpense": "245954000", "interestAndDebtExpense": "None", "netIncomeFromContinuingOperations": "409760000", "comprehensiveIncomeNetOfTax": "409760000", "ebit": "654824000", "ebitda": "866009000", "netIncome": "409760000"}], "quarterlyReports": [{"fiscalDateEnding": "2021-07-31", "reportedCurrency": "USD", "grossProfit": "797963000", "totalRevenue": "1967207000", "costOfRevenue": "1169244000", "costofGoodsAndServicesSold": "1169244000", "operatingIncome": "332307000", "sellingGeneralAndAdministrative": "464299000", "researchAndDevelopment": "None", "operatingExpenses": "465656000", "investmentIncomeNet": "None", "netInterestIncome": "-425000", "interestIncome": "None", "interestExpense": "-425000", "nonInterestIncome": "-1647000", "otherNonOperatingIncome": "None", "depreciation": "None", "depreciationAndAmortization": "68978000", "incomeBeforeTax": "331882000", "incomeTaxExpense": "80989000", "interestAndDebtExpense": "None", "netIncomeFromContinuingOperations": "250893000", "comprehensiveIncomeNetOfTax": "250893000", "ebit": "332307000", "ebitda": "400860000", "netIncome": "250893000"}, {"fiscalDateEnding": "2021-05-01", "reportedCurrency": "USD", "grossProfit": "753788000", "totalRevenue": "1938519000", "costOfRevenue": "1184731000", "costofGoodsAndServicesSold": "1184731000", "operatingIncome": "305324000", "sellingGeneralAndAdministrative": "443875000", "researchAndDevelopment": "None", "operatingExpenses": "449553000", "investmentIncomeNet": "None", "netInterestIncome": "-358000", "interestIncome": "None", "interestExpense": "358000", "nonInterestIncome": "-1145000", "otherNonOperatingIncome": "None", "depreciation": "None", "depreciationAndAmortization": "70599000", "incomeBeforeTax": "304966000", "incomeTaxExpense": "74677000", "interestAndDebtExpense": "None", "netIncomeFromContinuingOperations": "230289000", "comprehensiveIncomeNetOfTax": "230289000", "ebit": "305324000", "ebitda": "375565000", "netIncome": "230289000"}, {"fiscalDateEnding": "2021-01-30", "reportedCurrency": "USD", "grossProfit": "771028000", "totalRevenue": "2198701000", "costOfRevenue": "1427673000", "costofGoodsAndServicesSold": "1427673000", "operatingIncome": "224272000", "sellingGeneralAndAdministrative": "514140000", "researchAndDevelopment": "None", "operatingExpenses": "546756000", "investmentIncomeNet": "None", "netInterestIncome": "-463000", "interestIncome": "None", "interestExpense": "463000", "nonInterestIncome": "-1552000", "otherNonOperatingIncome": "None", "depreciation": "None", "depreciationAndAmortization": "71386000", "incomeBeforeTax": "223809000", "incomeTaxExpense": "52315000", "interestAndDebtExpense": "None", "netIncomeFromContinuingOperations": "171494000", "comprehensiveIncomeNetOfTax": "171636000", "ebit": "224272000", "ebitda": "295195000", "netIncome": "171494000"}, {"fiscalDateEnding": "2020-10-31", "reportedCurrency": "USD", "grossProfit": "545519000", "totalRevenue": "1552033000", "costOfRevenue": "1006514000", "costofGoodsAndServicesSold": "1006514000", "operatingIncome": "101277000", "sellingGeneralAndAdministrative": "416378000", "researchAndDevelopment": "None", "operatingExpenses": "444242000", "investmentIncomeNet": "None", "netInterestIncome": "-1383000", "interestIncome": "None", "interestExpense": "1383000", "nonInterestIncome": "-116000", "otherNonOperatingIncome": "None", "depreciation": "None", "depreciationAndAmortization": "72357000", "incomeBeforeTax": "99894000", "incomeTaxExpense": "25096000", "interestAndDebtExpense": "None", "netIncomeFromContinuingOperations": "74798000", "comprehensiveIncomeNetOfTax": "74682000", "ebit": "101277000", "ebitda": "172251000", "netIncome": "74798000"}, {"fiscalDateEnding": "2020-08-01", "reportedCurrency": "USD", "grossProfit": "329007000", "totalRevenue": "1228009000", "costOfRevenue": "899002000", "costofGoodsAndServicesSold": "899002000", "operatingIncome": "12755000", "sellingGeneralAndAdministrative": "271587000", "researchAndDevelopment": "None", "operatingExpenses": "316252000", "investmentIncomeNet": "None", "netInterestIncome": "-2617000", "interestIncome": "None", "interestExpense": "-2617000", "nonInterestIncome": "105000", "otherNonOperatingIncome": "None", "depreciation": "None", "depreciationAndAmortization": "77403000", "incomeBeforeTax": "10138000", "incomeTaxExpense": "2086000", "interestAndDebtExpense": "None", "netIncomeFromContinuingOperations": "105000", "comprehensiveIncomeNetOfTax": "8157000", "ebit": "12755000", "ebitda": "87541000", "netIncome": "8052000"}, {"fiscalDateEnding": "2020-05-02", "reportedCurrency": "USD", "grossProfit": "303605000", "totalRevenue": "1173210000", "costOfRevenue": "869605000", "costofGoodsAndServicesSold": "869605000", "operatingIncome": "-101484000", "sellingGeneralAndAdministrative": "380912000", "researchAndDevelopment": "None", "operatingExpenses": "405089000", "investmentIncomeNet": "None", "netInterestIncome": "-1272000", "interestIncome": "None", "interestExpense": "-1272000", "nonInterestIncome": "-75000", "otherNonOperatingIncome": "None", "depreciation": "None", "depreciationAndAmortization": "76626000", "incomeBeforeTax": "-102756000", "incomeTaxExpense": "-24247000", "interestAndDebtExpense": "None", "netIncomeFromContinuingOperations": "-75000", "comprehensiveIncomeNetOfTax": "-78584000", "ebit": "-101484000", "ebitda": "-26130000", "netIncome": "-78509000"}, {"fiscalDateEnding": "2020-02-01", "reportedCurrency": "USD", "grossProfit": "806885000", "totalRevenue": "2305918000", "costOfRevenue": "1499033000", "costofGoodsAndServicesSold": "1499033000", "operatingIncome": "287756000", "sellingGeneralAndAdministrative": "515542000", "researchAndDevelopment": "None", "operatingExpenses": "519129000", "investmentIncomeNet": "None", "netInterestIncome": "None", "interestIncome": "None", "interestExpense": "439000", "nonInterestIncome": "-1029000", "otherNonOperatingIncome": "None", "depreciation": "None", "depreciationAndAmortization": "76392000", "incomeBeforeTax": "288195000", "incomeTaxExpense": "65476000", "interestAndDebtExpense": "None", "netIncomeFromContinuingOperations": "222719000", "comprehensiveIncomeNetOfTax": "222719000", "ebit": "287756000", "ebitda": "364587000", "netIncome": "222719000"}, {"fiscalDateEnding": "2019-11-02", "reportedCurrency": "USD", "grossProfit": "623433000", "totalRevenue": "1682514000", "costOfRevenue": "1059081000", "costofGoodsAndServicesSold": "1059081000", "operatingIncome": "167780000", "sellingGeneralAndAdministrative": "449198000", "researchAndDevelopment": "None", "operatingExpenses": "455653000", "investmentIncomeNet": "None", "netInterestIncome": "None", "interestIncome": "None", "interestExpense": "900000", "nonInterestIncome": "-1606000", "otherNonOperatingIncome": "None", "depreciation": "None", "depreciationAndAmortization": "74256000", "incomeBeforeTax": "168680000", "incomeTaxExpense": "38933000", "interestAndDebtExpense": "None", "netIncomeFromContinuingOperations": "129747000", "comprehensiveIncomeNetOfTax": "129747000", "ebit": "167780000", "ebitda": "242936000", "netIncome": "129747000"}, {"fiscalDateEnding": "2019-08-03", "reportedCurrency": "USD", "grossProfit": "605899000", "totalRevenue": "1666607000", "costOfRevenue": "1060708000", "costofGoodsAndServicesSold": "1060708000", "operatingIncome": "208018000", "sellingGeneralAndAdministrative": "392843000", "researchAndDevelopment": "None", "operatingExpenses": "397881000", "investmentIncomeNet": "None", "netInterestIncome": "None", "interestIncome": "None", "interestExpense": "1671000", "nonInterestIncome": "-1850000", "otherNonOperatingIncome": "None", "depreciation": "None", "depreciationAndAmortization": "73141000", "incomeBeforeTax": "209689000", "incomeTaxExpense": "48431000", "interestAndDebtExpense": "None", "netIncomeFromContinuingOperations": "161258000", "comprehensiveIncomeNetOfTax": "161258000", "ebit": "208018000", "ebitda": "282830000", "netIncome": "161258000"}, {"fiscalDateEnding": "2019-05-04", "reportedCurrency": "USD", "grossProfit": "644847000", "totalRevenue": "1743029000", "costOfRevenue": "1098182000", "costofGoodsAndServicesSold": "1098182000", "operatingIncome": "237540000", "sellingGeneralAndAdministrative": "403133000", "researchAndDevelopment": "None", "operatingExpenses": "407307000", "investmentIncomeNet": "None", "netInterestIncome": "None", "interestIncome": "None", "interestExpense": "1275000", "nonInterestIncome": "-1365000", "otherNonOperatingIncome": "None", "depreciation": "None", "depreciationAndAmortization": "71810000", "incomeBeforeTax": "239586000", "incomeTaxExpense": "47365000", "interestAndDebtExpense": "None", "netIncomeFromContinuingOperations": "192221000", "comprehensiveIncomeNetOfTax": "192221000", "ebit": "237540000", "ebitda": "311396000", "netIncome": "192221000"}, {"fiscalDateEnding": "2019-02-02", "reportedCurrency": "USD", "grossProfit": "740859000", "totalRevenue": "2124716000", "costOfRevenue": "1383857000", "costofGoodsAndServicesSold": "1383857000", "operatingIncome": "281210000", "sellingGeneralAndAdministrative": "457245000", "researchAndDevelopment": "None", "operatingExpenses": "459649000", "investmentIncomeNet": "None", "netInterestIncome": "None", "interestIncome": "None", "interestExpense": "None", "nonInterestIncome": "-1546000", "otherNonOperatingIncome": "None", "depreciation": "None", "depreciationAndAmortization": "71820000", "incomeBeforeTax": "282485000", "incomeTaxExpense": "67811000", "interestAndDebtExpense": "None", "netIncomeFromContinuingOperations": "214674000", "comprehensiveIncomeNetOfTax": "214674000", "ebit": "281210000", "ebitda": "354305000", "netIncome": "214674000"}, {"fiscalDateEnding": "2018-11-03", "reportedCurrency": "USD", "grossProfit": "572278000", "totalRevenue": "1560011000", "costOfRevenue": "987733000", "costofGoodsAndServicesSold": "987733000", "operatingIncome": "169213000", "sellingGeneralAndAdministrative": "395453000", "researchAndDevelopment": "None", "operatingExpenses": "403065000", "investmentIncomeNet": "None", "netInterestIncome": "None", "interestIncome": "None", "interestExpense": "1318000", "nonInterestIncome": "-840000", "otherNonOperatingIncome": "None", "depreciation": "None", "depreciationAndAmortization": "69852000", "incomeBeforeTax": "170531000", "incomeTaxExpense": "39365000", "interestAndDebtExpense": "None", "netIncomeFromContinuingOperations": "131166000", "comprehensiveIncomeNetOfTax": "131166000", "ebit": "169213000", "ebitda": "240383000", "netIncome": "131166000"}, {"fiscalDateEnding": "2018-08-04", "reportedCurrency": "USD", "grossProfit": "535461000", "totalRevenue": "1488221000", "costOfRevenue": "952760000", "costofGoodsAndServicesSold": "952800000", "operatingIncome": "193815000", "sellingGeneralAndAdministrative": "337142000", "researchAndDevelopment": "None", "operatingExpenses": "341646000", "investmentIncomeNet": "None", "netInterestIncome": "None", "interestIncome": "None", "interestExpense": "1100000", "nonInterestIncome": "299000", "otherNonOperatingIncome": "None", "depreciation": "None", "depreciationAndAmortization": "69000000", "incomeBeforeTax": "194958000", "incomeTaxExpense": "46635000", "interestAndDebtExpense": "None", "netIncomeFromContinuingOperations": "148323000", "comprehensiveIncomeNetOfTax": "148323000", "ebit": "193815000", "ebitda": "263900000", "netIncome": "148323000"}, {"fiscalDateEnding": "2018-05-05", "reportedCurrency": "USD", "grossProfit": "560713000", "totalRevenue": "1543667000", "costOfRevenue": "982954000", "costofGoodsAndServicesSold": "983000000", "operatingIncome": "209842000", "sellingGeneralAndAdministrative": "345624000", "researchAndDevelopment": "None", "operatingExpenses": "350871000", "investmentIncomeNet": "None", "netInterestIncome": "None", "interestIncome": "None", "interestExpense": "400000", "nonInterestIncome": "-798000", "otherNonOperatingIncome": "None", "depreciation": "None", "depreciationAndAmortization": "68800000", "incomeBeforeTax": "211167000", "incomeTaxExpense": "46771000", "interestAndDebtExpense": "None", "netIncomeFromContinuingOperations": "164396000", "comprehensiveIncomeNetOfTax": "164396000", "ebit": "209842000", "ebitda": "280000000", "netIncome": "164396000"}, {"fiscalDateEnding": "2018-02-03", "reportedCurrency": "USD", "grossProfit": "658347000", "totalRevenue": "1937592000", "costOfRevenue": "1279245000", "costofGoodsAndServicesSold": "1279245000", "operatingIncome": "254419000", "sellingGeneralAndAdministrative": "399631000", "researchAndDevelopment": "None", "operatingExpenses": "403928000", "investmentIncomeNet": "None", "netInterestIncome": "359000", "interestIncome": "None", "interestExpense": "None", "nonInterestIncome": "-1811000", "otherNonOperatingIncome": "None", "depreciation": "None", "depreciationAndAmortization": "65000000", "incomeBeforeTax": "254778000", "incomeTaxExpense": "46605000", "interestAndDebtExpense": "None", "netIncomeFromContinuingOperations": "208173000", "comprehensiveIncomeNetOfTax": "208173000", "ebit": "254419000", "ebitda": "281500000", "netIncome": "208173000"}, {"fiscalDateEnding": "2017-10-28", "reportedCurrency": "USD", "grossProfit": "493128000", "totalRevenue": "1342181000", "costOfRevenue": "849053000", "costofGoodsAndServicesSold": "849053000", "operatingIncome": "162667000", "sellingGeneralAndAdministrative": "320729000", "researchAndDevelopment": "None", "operatingExpenses": "330461000", "investmentIncomeNet": "None", "netInterestIncome": "316000", "interestIncome": "None", "interestExpense": "300000", "nonInterestIncome": "-3359000", "otherNonOperatingIncome": "None", "depreciation": "None", "depreciationAndAmortization": "62100000", "incomeBeforeTax": "162983000", "incomeTaxExpense": "58338000", "interestAndDebtExpense": "None", "netIncomeFromContinuingOperations": "104645000", "comprehensiveIncomeNetOfTax": "104645000", "ebit": "162667000", "ebitda": "225000000", "netIncome": "104645000"}, {"fiscalDateEnding": "2017-07-29", "reportedCurrency": "USD", "grossProfit": "469326000", "totalRevenue": "1289854000", "costOfRevenue": "820528000", "costofGoodsAndServicesSold": "820528000", "operatingIncome": "179800000", "sellingGeneralAndAdministrative": "283427000", "researchAndDevelopment": "None", "operatingExpenses": "289526000", "investmentIncomeNet": "None", "netInterestIncome": "555000", "interestIncome": "None", "interestExpense": "600000", "nonInterestIncome": "-711000", "otherNonOperatingIncome": "None", "depreciation": "None", "depreciationAndAmortization": "63100000", "incomeBeforeTax": "180355000", "incomeTaxExpense": "66162000", "interestAndDebtExpense": "None", "netIncomeFromContinuingOperations": "114193000", "comprehensiveIncomeNetOfTax": "114193000", "ebit": "179800000", "ebitda": "243500000", "netIncome": "114193000"}, {"fiscalDateEnding": "2017-04-29", "reportedCurrency": "USD", "grossProfit": "476008000", "totalRevenue": "1314879000", "costOfRevenue": "838871000", "costofGoodsAndServicesSold": "838871000", "operatingIncome": "188405000", "sellingGeneralAndAdministrative": "283445000", "researchAndDevelopment": "None", "operatingExpenses": "289240000", "investmentIncomeNet": "None", "netInterestIncome": "338000", "interestIncome": "None", "interestExpense": "300000", "nonInterestIncome": "-1637000", "otherNonOperatingIncome": "None", "depreciation": "None", "depreciationAndAmortization": "62500000", "incomeBeforeTax": "188743000", "incomeTaxExpense": "60520000", "interestAndDebtExpense": "None", "netIncomeFromContinuingOperations": "128223000", "comprehensiveIncomeNetOfTax": "128223000", "ebit": "188405000", "ebitda": "251200000", "netIncome": "128223000"}, {"fiscalDateEnding": "2017-01-28", "reportedCurrency": "USD", "grossProfit": "544908000", "totalRevenue": "1586622000", "costOfRevenue": "263939000", "costofGoodsAndServicesSold": "1035666000", "operatingIncome": "224230000", "sellingGeneralAndAdministrative": "316266000", "researchAndDevelopment": "None", "operatingExpenses": "320678000", "investmentIncomeNet": "None", "netInterestIncome": "116000", "interestIncome": "None", "interestExpense": "100000", "nonInterestIncome": "-2318000", "otherNonOperatingIncome": "None", "depreciation": "None", "depreciationAndAmortization": "59300000", "incomeBeforeTax": "224346000", "incomeTaxExpense": "84128000", "interestAndDebtExpense": "None", "netIncomeFromContinuingOperations": "140218000", "comprehensiveIncomeNetOfTax": "140218000", "ebit": "224230000", "ebitda": "283600000", "netIncome": "140218000"}, {"fiscalDateEnding": "2016-10-29", "reportedCurrency": "USD", "grossProfit": "427053000", "totalRevenue": "1131443000", "costOfRevenue": "991571000", "costofGoodsAndServicesSold": "704179000", "operatingIncome": "139661000", "sellingGeneralAndAdministrative": "280464000", "researchAndDevelopment": "None", "operatingExpenses": "287392000", "investmentIncomeNet": "None", "netInterestIncome": "211000", "interestIncome": "None", "interestExpense": "200000", "nonInterestIncome": "-3110000", "otherNonOperatingIncome": "None", "depreciation": "None", "depreciationAndAmortization": "53400000", "incomeBeforeTax": "139872000", "incomeTaxExpense": "52310000", "interestAndDebtExpense": "None", "netIncomeFromContinuingOperations": "87562000", "comprehensiveIncomeNetOfTax": "87562000", "ebit": "139661000", "ebitda": "193300000", "netIncome": "87562000"}]}