{"symbol": "URI", "annualReports": [{"fiscalDateEnding": "2020-12-31", "reportedCurrency": "USD", "grossProfit": "3183000000", "totalRevenue": "8530000000", "costOfRevenue": "5347000000", "costofGoodsAndServicesSold": "5347000000", "operatingIncome": "1817000000", "sellingGeneralAndAdministrative": "979000000", "researchAndDevelopment": "None", "operatingExpenses": "1366000000", "investmentIncomeNet": "None", "netInterestIncome": "-669000000", "interestIncome": "-669000000", "interestExpense": "669000000", "nonInterestIncome": "None", "otherNonOperatingIncome": "8000000", "depreciation": "None", "depreciationAndAmortization": "1988000000", "incomeBeforeTax": "1139000000", "incomeTaxExpense": "249000000", "interestAndDebtExpense": "None", "netIncomeFromContinuingOperations": "890000000", "comprehensiveIncomeNetOfTax": "None", "ebit": "1808000000", "ebitda": "3796000000", "netIncome": "890000000"}, {"fiscalDateEnding": "2019-12-31", "reportedCurrency": "USD", "grossProfit": "3670000000", "totalRevenue": "9351000000", "costOfRevenue": "5681000000", "costofGoodsAndServicesSold": "5681000000", "operatingIncome": "2171000000", "sellingGeneralAndAdministrative": "1092000000", "researchAndDevelopment": "None", "operatingExpenses": "1499000000", "investmentIncomeNet": "None", "netInterestIncome": "-648000000", "interestIncome": "-648000000", "interestExpense": "648000000", "nonInterestIncome": "None", "otherNonOperatingIncome": "10000000", "depreciation": "None", "depreciationAndAmortization": "407000000", "incomeBeforeTax": "1514000000", "incomeTaxExpense": "340000000", "interestAndDebtExpense": "None", "netIncomeFromContinuingOperations": "1174000000", "comprehensiveIncomeNetOfTax": "None", "ebit": "2162000000", "ebitda": "2569000000", "netIncome": "1174000000"}, {"fiscalDateEnding": "2018-12-31", "reportedCurrency": "USD", "grossProfit": "3364000000", "totalRevenue": "8047000000", "costOfRevenue": "4683000000", "costofGoodsAndServicesSold": "4683000000", "operatingIncome": "2018000000", "sellingGeneralAndAdministrative": "1038000000", "researchAndDevelopment": "None", "operatingExpenses": "1346000000", "investmentIncomeNet": "None", "netInterestIncome": "-481000000", "interestIncome": "-481000000", "interestExpense": "481000000", "nonInterestIncome": "None", "otherNonOperatingIncome": "6000000", "depreciation": "None", "depreciationAndAmortization": "308000000", "incomeBeforeTax": "1476000000", "incomeTaxExpense": "380000000", "interestAndDebtExpense": "None", "netIncomeFromContinuingOperations": "1856000000", "comprehensiveIncomeNetOfTax": "None", "ebit": "1957000000", "ebitda": "2265000000", "netIncome": "1096000000"}, {"fiscalDateEnding": "2017-12-31", "reportedCurrency": "USD", "grossProfit": "2769000000", "totalRevenue": "6641000000", "costOfRevenue": "3872000000", "costofGoodsAndServicesSold": "3872000000", "operatingIncome": "1607000000", "sellingGeneralAndAdministrative": "903000000", "researchAndDevelopment": "0", "operatingExpenses": "1162000000", "investmentIncomeNet": "None", "netInterestIncome": "-464000000", "interestIncome": "-464000000", "interestExpense": "464000000", "nonInterestIncome": "None", "otherNonOperatingIncome": "5000000", "depreciation": "None", "depreciationAndAmortization": "259000000", "incomeBeforeTax": "1048000000", "incomeTaxExpense": "-298000000", "interestAndDebtExpense": "None", "netIncomeFromContinuingOperations": "750000000", "comprehensiveIncomeNetOfTax": "None", "ebit": "1512000000", "ebitda": "1771000000", "netIncome": "1346000000"}, {"fiscalDateEnding": "2016-12-31", "reportedCurrency": "USD", "grossProfit": "2403000000", "totalRevenue": "5762000000", "costOfRevenue": "3359000000", "costofGoodsAndServicesSold": "3359000000", "operatingIncome": "1429000000", "sellingGeneralAndAdministrative": "719000000", "researchAndDevelopment": "0", "operatingExpenses": "974000000", "investmentIncomeNet": "None", "netInterestIncome": "-511000000", "interestIncome": "-511000000", "interestExpense": "511000000", "nonInterestIncome": "None", "otherNonOperatingIncome": "5000000", "depreciation": "None", "depreciationAndAmortization": "255000000", "incomeBeforeTax": "909000000", "incomeTaxExpense": "343000000", "interestAndDebtExpense": "None", "netIncomeFromContinuingOperations": "1252000000", "comprehensiveIncomeNetOfTax": "None", "ebit": "1420000000", "ebitda": "1675000000", "netIncome": "566000000"}], "quarterlyReports": [{"fiscalDateEnding": "2021-09-30", "reportedCurrency": "USD", "grossProfit": "1103000000", "totalRevenue": "2596000000", "costOfRevenue": "1493000000", "costofGoodsAndServicesSold": "1493000000", "operatingIncome": "679000000", "sellingGeneralAndAdministrative": "326000000", "researchAndDevelopment": "None", "operatingExpenses": "424000000", "investmentIncomeNet": "None", "netInterestIncome": "-132000000", "interestIncome": "-132000000", "interestExpense": "132000000", "nonInterestIncome": "None", "otherNonOperatingIncome": "3000000", "depreciation": "None", "depreciationAndAmortization": "510000000", "incomeBeforeTax": "550000000", "incomeTaxExpense": "141000000", "interestAndDebtExpense": "None", "netIncomeFromContinuingOperations": "409000000", "comprehensiveIncomeNetOfTax": "None", "ebit": "682000000", "ebitda": "1192000000", "netIncome": "409000000"}, {"fiscalDateEnding": "2021-06-30", "reportedCurrency": "USD", "grossProfit": "875000000", "totalRevenue": "2287000000", "costOfRevenue": "1412000000", "costofGoodsAndServicesSold": "1412000000", "operatingIncome": "484000000", "sellingGeneralAndAdministrative": "301000000", "researchAndDevelopment": "None", "operatingExpenses": "391000000", "investmentIncomeNet": "None", "netInterestIncome": "-100000000", "interestIncome": "-100000000", "interestExpense": "100000000", "nonInterestIncome": "None", "otherNonOperatingIncome": "-4000000", "depreciation": "None", "depreciationAndAmortization": "475000000", "incomeBeforeTax": "377000000", "incomeTaxExpense": "84000000", "interestAndDebtExpense": "None", "netIncomeFromContinuingOperations": "293000000", "comprehensiveIncomeNetOfTax": "None", "ebit": "477000000", "ebitda": "952000000", "netIncome": "293000000"}, {"fiscalDateEnding": "2021-03-31", "reportedCurrency": "USD", "grossProfit": "714000000", "totalRevenue": "2057000000", "costOfRevenue": "1343000000", "costofGoodsAndServicesSold": "1343000000", "operatingIncome": "373000000", "sellingGeneralAndAdministrative": "250000000", "researchAndDevelopment": "None", "operatingExpenses": "341000000", "investmentIncomeNet": "None", "netInterestIncome": "-99000000", "interestIncome": "-99000000", "interestExpense": "99000000", "nonInterestIncome": "None", "otherNonOperatingIncome": "2000000", "depreciation": "None", "depreciationAndAmortization": "466000000", "incomeBeforeTax": "275000000", "incomeTaxExpense": "72000000", "interestAndDebtExpense": "None", "netIncomeFromContinuingOperations": "203000000", "comprehensiveIncomeNetOfTax": "None", "ebit": "374000000", "ebitda": "840000000", "netIncome": "203000000"}, {"fiscalDateEnding": "2020-12-31", "reportedCurrency": "USD", "grossProfit": "869000000", "totalRevenue": "2279000000", "costOfRevenue": "1410000000", "costofGoodsAndServicesSold": "1410000000", "operatingIncome": "516000000", "sellingGeneralAndAdministrative": "258000000", "researchAndDevelopment": "None", "operatingExpenses": "353000000", "investmentIncomeNet": "None", "netInterestIncome": "-125000000", "interestIncome": "-125000000", "interestExpense": "125000000", "nonInterestIncome": "None", "otherNonOperatingIncome": "2000000", "depreciation": "None", "depreciationAndAmortization": "480000000", "incomeBeforeTax": "387000000", "incomeTaxExpense": "90000000", "interestAndDebtExpense": "None", "netIncomeFromContinuingOperations": "-21000000", "comprehensiveIncomeNetOfTax": "None", "ebit": "512000000", "ebitda": "992000000", "netIncome": "297000000"}, {"fiscalDateEnding": "2020-09-30", "reportedCurrency": "USD", "grossProfit": "886000000", "totalRevenue": "2187000000", "costOfRevenue": "1301000000", "costofGoodsAndServicesSold": "1301000000", "operatingIncome": "557000000", "sellingGeneralAndAdministrative": "232000000", "researchAndDevelopment": "None", "operatingExpenses": "329000000", "investmentIncomeNet": "None", "netInterestIncome": "-278000000", "interestIncome": "-278000000", "interestExpense": "278000000", "nonInterestIncome": "None", "otherNonOperatingIncome": "2000000", "depreciation": "None", "depreciationAndAmortization": "492000000", "incomeBeforeTax": "275000000", "incomeTaxExpense": "67000000", "interestAndDebtExpense": "None", "netIncomeFromContinuingOperations": "342000000", "comprehensiveIncomeNetOfTax": "None", "ebit": "553000000", "ebitda": "1045000000", "netIncome": "208000000"}, {"fiscalDateEnding": "2020-06-30", "reportedCurrency": "USD", "grossProfit": "701000000", "totalRevenue": "1939000000", "costOfRevenue": "1238000000", "costofGoodsAndServicesSold": "1238000000", "operatingIncome": "384000000", "sellingGeneralAndAdministrative": "222000000", "researchAndDevelopment": "None", "operatingExpenses": "317000000", "investmentIncomeNet": "None", "netInterestIncome": "-130000000", "interestIncome": "-130000000", "interestExpense": "130000000", "nonInterestIncome": "None", "otherNonOperatingIncome": "None", "depreciation": "None", "depreciationAndAmortization": "490000000", "incomeBeforeTax": "251000000", "incomeTaxExpense": "39000000", "interestAndDebtExpense": "None", "netIncomeFromContinuingOperations": "290000000", "comprehensiveIncomeNetOfTax": "None", "ebit": "381000000", "ebitda": "871000000", "netIncome": "212000000"}, {"fiscalDateEnding": "2020-03-31", "reportedCurrency": "USD", "grossProfit": "727000000", "totalRevenue": "2125000000", "costOfRevenue": "1398000000", "costofGoodsAndServicesSold": "1398000000", "operatingIncome": "360000000", "sellingGeneralAndAdministrative": "267000000", "researchAndDevelopment": "None", "operatingExpenses": "367000000", "investmentIncomeNet": "None", "netInterestIncome": "-136000000", "interestIncome": "-136000000", "interestExpense": "136000000", "nonInterestIncome": "None", "otherNonOperatingIncome": "4000000", "depreciation": "None", "depreciationAndAmortization": "526000000", "incomeBeforeTax": "226000000", "incomeTaxExpense": "53000000", "interestAndDebtExpense": "None", "netIncomeFromContinuingOperations": "279000000", "comprehensiveIncomeNetOfTax": "None", "ebit": "362000000", "ebitda": "888000000", "netIncome": "173000000"}, {"fiscalDateEnding": "2019-12-31", "reportedCurrency": "USD", "grossProfit": "965000000", "totalRevenue": "2456000000", "costOfRevenue": "1491000000", "costofGoodsAndServicesSold": "1491000000", "operatingIncome": "601000000", "sellingGeneralAndAdministrative": "268000000", "researchAndDevelopment": "None", "operatingExpenses": "364000000", "investmentIncomeNet": "None", "netInterestIncome": "-170000000", "interestIncome": "-170000000", "interestExpense": "170000000", "nonInterestIncome": "None", "otherNonOperatingIncome": "4000000", "depreciation": "None", "depreciationAndAmortization": "516000000", "incomeBeforeTax": "433000000", "incomeTaxExpense": "95000000", "interestAndDebtExpense": "None", "netIncomeFromContinuingOperations": "-152000000", "comprehensiveIncomeNetOfTax": "None", "ebit": "603000000", "ebitda": "1119000000", "netIncome": "338000000"}, {"fiscalDateEnding": "2019-09-30", "reportedCurrency": "USD", "grossProfit": "1033000000", "totalRevenue": "2488000000", "costOfRevenue": "1455000000", "costofGoodsAndServicesSold": "1455000000", "operatingIncome": "658000000", "sellingGeneralAndAdministrative": "273000000", "researchAndDevelopment": "None", "operatingExpenses": "375000000", "investmentIncomeNet": "None", "netInterestIncome": "-147000000", "interestIncome": "-147000000", "interestExpense": "147000000", "nonInterestIncome": "None", "otherNonOperatingIncome": "1000000", "depreciation": "None", "depreciationAndAmortization": "519000000", "incomeBeforeTax": "510000000", "incomeTaxExpense": "119000000", "interestAndDebtExpense": "None", "netIncomeFromContinuingOperations": "629000000", "comprehensiveIncomeNetOfTax": "None", "ebit": "657000000", "ebitda": "1176000000", "netIncome": "391000000"}, {"fiscalDateEnding": "2019-06-30", "reportedCurrency": "USD", "grossProfit": "911000000", "totalRevenue": "2290000000", "costOfRevenue": "1379000000", "costofGoodsAndServicesSold": "1379000000", "operatingIncome": "535000000", "sellingGeneralAndAdministrative": "271000000", "researchAndDevelopment": "None", "operatingExpenses": "376000000", "investmentIncomeNet": "None", "netInterestIncome": "-180000000", "interestIncome": "-180000000", "interestExpense": "180000000", "nonInterestIncome": "None", "otherNonOperatingIncome": "2000000", "depreciation": "None", "depreciationAndAmortization": "504000000", "incomeBeforeTax": "351000000", "incomeTaxExpense": "81000000", "interestAndDebtExpense": "None", "netIncomeFromContinuingOperations": "432000000", "comprehensiveIncomeNetOfTax": "None", "ebit": "531000000", "ebitda": "1035000000", "netIncome": "270000000"}, {"fiscalDateEnding": "2019-03-31", "reportedCurrency": "USD", "grossProfit": "761000000", "totalRevenue": "2117000000", "costOfRevenue": "1356000000", "costofGoodsAndServicesSold": "1356000000", "operatingIncome": "377000000", "sellingGeneralAndAdministrative": "280000000", "researchAndDevelopment": "None", "operatingExpenses": "384000000", "investmentIncomeNet": "None", "netInterestIncome": "-151000000", "interestIncome": "-151000000", "interestExpense": "151000000", "nonInterestIncome": "None", "otherNonOperatingIncome": "3000000", "depreciation": "None", "depreciationAndAmortization": "499000000", "incomeBeforeTax": "220000000", "incomeTaxExpense": "45000000", "interestAndDebtExpense": "None", "netIncomeFromContinuingOperations": "265000000", "comprehensiveIncomeNetOfTax": "None", "ebit": "371000000", "ebitda": "870000000", "netIncome": "175000000"}, {"fiscalDateEnding": "2018-12-31", "reportedCurrency": "USD", "grossProfit": "998000000", "totalRevenue": "2306000000", "costOfRevenue": "1308000000", "costofGoodsAndServicesSold": "1308000000", "operatingIncome": "601000000", "sellingGeneralAndAdministrative": "302000000", "researchAndDevelopment": "0", "operatingExpenses": "397000000", "investmentIncomeNet": "None", "netInterestIncome": "None", "interestIncome": "None", "interestExpense": "142000000", "nonInterestIncome": "None", "otherNonOperatingIncome": "4000000", "depreciation": "None", "depreciationAndAmortization": "470000000", "incomeBeforeTax": "425000000", "incomeTaxExpense": "115000000", "interestAndDebtExpense": "None", "netIncomeFromContinuingOperations": "540000000", "comprehensiveIncomeNetOfTax": "None", "ebit": "567000000", "ebitda": "1037000000", "netIncome": "310000000"}, {"fiscalDateEnding": "2018-09-30", "reportedCurrency": "USD", "grossProfit": "938000000", "totalRevenue": "2116000000", "costOfRevenue": "1178000000", "costofGoodsAndServicesSold": "1178000000", "operatingIncome": "598000000", "sellingGeneralAndAdministrative": "265000000", "researchAndDevelopment": "0", "operatingExpenses": "340000000", "investmentIncomeNet": "None", "netInterestIncome": "None", "interestIncome": "None", "interestExpense": "118000000", "nonInterestIncome": "None", "otherNonOperatingIncome": "None", "depreciation": "None", "depreciationAndAmortization": "418000000", "incomeBeforeTax": "460000000", "incomeTaxExpense": "127000000", "interestAndDebtExpense": "None", "netIncomeFromContinuingOperations": "587000000", "comprehensiveIncomeNetOfTax": "None", "ebit": "578000000", "ebitda": "996000000", "netIncome": "333000000"}, {"fiscalDateEnding": "2018-06-30", "reportedCurrency": "USD", "grossProfit": "782000000", "totalRevenue": "1891000000", "costOfRevenue": "1109000000", "costofGoodsAndServicesSold": "1109000000", "operatingIncome": "476000000", "sellingGeneralAndAdministrative": "239000000", "researchAndDevelopment": "0", "operatingExpenses": "306000000", "investmentIncomeNet": "None", "netInterestIncome": "None", "interestIncome": "None", "interestExpense": "112000000", "nonInterestIncome": "None", "otherNonOperatingIncome": "1000000", "depreciation": "None", "depreciationAndAmortization": "390000000", "incomeBeforeTax": "359000000", "incomeTaxExpense": "89000000", "interestAndDebtExpense": "None", "netIncomeFromContinuingOperations": "448000000", "comprehensiveIncomeNetOfTax": "None", "ebit": "471000000", "ebitda": "861000000", "netIncome": "270000000"}, {"fiscalDateEnding": "2018-03-31", "reportedCurrency": "USD", "grossProfit": "646000000", "totalRevenue": "1734000000", "costOfRevenue": "1088000000", "costofGoodsAndServicesSold": "1088000000", "operatingIncome": "343000000", "sellingGeneralAndAdministrative": "232000000", "researchAndDevelopment": "0", "operatingExpenses": "303000000", "investmentIncomeNet": "None", "netInterestIncome": "None", "interestIncome": "None", "interestExpense": "109000000", "nonInterestIncome": "None", "otherNonOperatingIncome": "1000000", "depreciation": "None", "depreciationAndAmortization": "393000000", "incomeBeforeTax": "232000000", "incomeTaxExpense": "49000000", "interestAndDebtExpense": "None", "netIncomeFromContinuingOperations": "281000000", "comprehensiveIncomeNetOfTax": "None", "ebit": "341000000", "ebitda": "734000000", "netIncome": "183000000"}, {"fiscalDateEnding": "2017-12-31", "reportedCurrency": "USD", "grossProfit": "827000000", "totalRevenue": "1922000000", "costOfRevenue": "1095000000", "costofGoodsAndServicesSold": "1095000000", "operatingIncome": "502000000", "sellingGeneralAndAdministrative": "255000000", "researchAndDevelopment": "0", "operatingExpenses": "325000000", "investmentIncomeNet": "None", "netInterestIncome": "None", "interestIncome": "None", "interestExpense": "126000000", "nonInterestIncome": "None", "otherNonOperatingIncome": "None", "depreciation": "None", "depreciationAndAmortization": "390000000", "incomeBeforeTax": "336000000", "incomeTaxExpense": "-561000000", "interestAndDebtExpense": "None", "netIncomeFromContinuingOperations": "-225000000", "comprehensiveIncomeNetOfTax": "None", "ebit": "462000000", "ebitda": "852000000", "netIncome": "897000000"}, {"fiscalDateEnding": "2017-09-30", "reportedCurrency": "USD", "grossProfit": "773000000", "totalRevenue": "1766000000", "costOfRevenue": "993000000", "costofGoodsAndServicesSold": "993000000", "operatingIncome": "473000000", "sellingGeneralAndAdministrative": "237000000", "researchAndDevelopment": "0", "operatingExpenses": "300000000", "investmentIncomeNet": "None", "netInterestIncome": "None", "interestIncome": "None", "interestExpense": "131000000", "nonInterestIncome": "None", "otherNonOperatingIncome": "5000000", "depreciation": "None", "depreciationAndAmortization": "353000000", "incomeBeforeTax": "322000000", "incomeTaxExpense": "123000000", "interestAndDebtExpense": "None", "netIncomeFromContinuingOperations": "445000000", "comprehensiveIncomeNetOfTax": "None", "ebit": "453000000", "ebitda": "806000000", "netIncome": "199000000"}, {"fiscalDateEnding": "2017-06-30", "reportedCurrency": "USD", "grossProfit": "655000000", "totalRevenue": "1597000000", "costOfRevenue": "942000000", "costofGoodsAndServicesSold": "942000000", "operatingIncome": "373000000", "sellingGeneralAndAdministrative": "218000000", "researchAndDevelopment": "0", "operatingExpenses": "282000000", "investmentIncomeNet": "None", "netInterestIncome": "None", "interestIncome": "None", "interestExpense": "113000000", "nonInterestIncome": "None", "otherNonOperatingIncome": "2000000", "depreciation": "None", "depreciationAndAmortization": "330000000", "incomeBeforeTax": "229000000", "incomeTaxExpense": "88000000", "interestAndDebtExpense": "None", "netIncomeFromContinuingOperations": "317000000", "comprehensiveIncomeNetOfTax": "None", "ebit": "342000000", "ebitda": "672000000", "netIncome": "141000000"}, {"fiscalDateEnding": "2017-03-31", "reportedCurrency": "USD", "grossProfit": "514000000", "totalRevenue": "1356000000", "costOfRevenue": "842000000", "costofGoodsAndServicesSold": "842000000", "operatingIncome": "259000000", "sellingGeneralAndAdministrative": "193000000", "researchAndDevelopment": "0", "operatingExpenses": "255000000", "investmentIncomeNet": "None", "netInterestIncome": "None", "interestIncome": "None", "interestExpense": "94000000", "nonInterestIncome": "None", "otherNonOperatingIncome": "-2000000", "depreciation": "None", "depreciationAndAmortization": "310000000", "incomeBeforeTax": "161000000", "incomeTaxExpense": "52000000", "interestAndDebtExpense": "None", "netIncomeFromContinuingOperations": "213000000", "comprehensiveIncomeNetOfTax": "None", "ebit": "255000000", "ebitda": "565000000", "netIncome": "109000000"}, {"fiscalDateEnding": "2016-12-31", "reportedCurrency": "USD", "grossProfit": "657000000", "totalRevenue": "1523000000", "costOfRevenue": "866000000", "costofGoodsAndServicesSold": "866000000", "operatingIncome": "408000000", "sellingGeneralAndAdministrative": "186000000", "researchAndDevelopment": "0", "operatingExpenses": "249000000", "investmentIncomeNet": "None", "netInterestIncome": "None", "interestIncome": "None", "interestExpense": "162000000", "nonInterestIncome": "None", "otherNonOperatingIncome": "2000000", "depreciation": "None", "depreciationAndAmortization": "318000000", "incomeBeforeTax": "242000000", "incomeTaxExpense": "89000000", "interestAndDebtExpense": "None", "netIncomeFromContinuingOperations": "331000000", "comprehensiveIncomeNetOfTax": "None", "ebit": "404000000", "ebitda": "722000000", "netIncome": "153000000"}, {"fiscalDateEnding": "2016-09-30", "reportedCurrency": "USD", "grossProfit": "656000000", "totalRevenue": "1508000000", "costOfRevenue": "852000000", "costofGoodsAndServicesSold": "852000000", "operatingIncome": "416000000", "sellingGeneralAndAdministrative": "179000000", "researchAndDevelopment": "0", "operatingExpenses": "240000000", "investmentIncomeNet": "None", "netInterestIncome": "None", "interestIncome": "None", "interestExpense": "110000000", "nonInterestIncome": "None", "otherNonOperatingIncome": "1000000", "depreciation": "None", "depreciationAndAmortization": "311000000", "incomeBeforeTax": "303000000", "incomeTaxExpense": "116000000", "interestAndDebtExpense": "None", "netIncomeFromContinuingOperations": "419000000", "comprehensiveIncomeNetOfTax": "None", "ebit": "413000000", "ebitda": "724000000", "netIncome": "187000000"}]}