{"symbol": "V", "annualReports": [{"fiscalDateEnding": "2021-09-30", "reportedCurrency": "USD", "grossProfit": "16609000000", "totalRevenue": "23774000000", "costOfRevenue": "7165000000", "costofGoodsAndServicesSold": "4970000000", "operatingIncome": "15804000000", "sellingGeneralAndAdministrative": "2121000000", "researchAndDevelopment": "None", "operatingExpenses": "2925000000", "investmentIncomeNet": "731000000", "netInterestIncome": "-513000000", "interestIncome": "None", "interestExpense": "513000000", "nonInterestIncome": "24287000000", "otherNonOperatingIncome": "772000000", "depreciation": "None", "depreciationAndAmortization": "804000000", "incomeBeforeTax": "16063000000", "incomeTaxExpense": "3752000000", "interestAndDebtExpense": "None", "netIncomeFromContinuingOperations": "12311000000", "comprehensiveIncomeNetOfTax": "12393000000", "ebit": "15804000000", "ebitda": "16608000000", "netIncome": "12311000000"}, {"fiscalDateEnding": "2020-09-30", "reportedCurrency": "USD", "grossProfit": "15227000000", "totalRevenue": "21846000000", "costOfRevenue": "6619000000", "costofGoodsAndServicesSold": "4512000000", "operatingIncome": "14081000000", "sellingGeneralAndAdministrative": "2067000000", "researchAndDevelopment": "None", "operatingExpenses": "2834000000", "investmentIncomeNet": "200000000", "netInterestIncome": "-516000000", "interestIncome": "-516000000", "interestExpense": "516000000", "nonInterestIncome": "154000000", "otherNonOperatingIncome": "225000000", "depreciation": "None", "depreciationAndAmortization": "767000000", "incomeBeforeTax": "13790000000", "incomeTaxExpense": "2924000000", "interestAndDebtExpense": "None", "netIncomeFromContinuingOperations": "10866000000", "comprehensiveIncomeNetOfTax": "11895000000", "ebit": "14081000000", "ebitda": "14848000000", "netIncome": "10866000000"}, {"fiscalDateEnding": "2019-09-30", "reportedCurrency": "USD", "grossProfit": "16576000000", "totalRevenue": "22977000000", "costOfRevenue": "6401000000", "costofGoodsAndServicesSold": "4165000000", "operatingIncome": "15001000000", "sellingGeneralAndAdministrative": "2301000000", "researchAndDevelopment": "None", "operatingExpenses": "2957000000", "investmentIncomeNet": "383000000", "netInterestIncome": "-533000000", "interestIncome": "-533000000", "interestExpense": "533000000", "nonInterestIncome": "96000000", "otherNonOperatingIncome": "416000000", "depreciation": "None", "depreciationAndAmortization": "656000000", "incomeBeforeTax": "14884000000", "incomeTaxExpense": "2804000000", "interestAndDebtExpense": "None", "netIncomeFromContinuingOperations": "12080000000", "comprehensiveIncomeNetOfTax": "10876000000", "ebit": "15001000000", "ebitda": "15657000000", "netIncome": "12080000000"}, {"fiscalDateEnding": "2018-09-30", "reportedCurrency": "USD", "grossProfit": "14693000000", "totalRevenue": "20609000000", "costOfRevenue": "5916000000", "costofGoodsAndServicesSold": "3856000000", "operatingIncome": "12954000000", "sellingGeneralAndAdministrative": "2133000000", "researchAndDevelopment": "None", "operatingExpenses": "2746000000", "investmentIncomeNet": "470000000", "netInterestIncome": "-612000000", "interestIncome": "-612000000", "interestExpense": "612000000", "nonInterestIncome": "None", "otherNonOperatingIncome": "464000000", "depreciation": "None", "depreciationAndAmortization": "613000000", "incomeBeforeTax": "12806000000", "incomeTaxExpense": "2505000000", "interestAndDebtExpense": "None", "netIncomeFromContinuingOperations": "10301000000", "comprehensiveIncomeNetOfTax": "9970000000", "ebit": "12954000000", "ebitda": "13567000000", "netIncome": "10301000000"}, {"fiscalDateEnding": "2017-09-30", "reportedCurrency": "USD", "grossProfit": "15820000000", "totalRevenue": "18358000000", "costOfRevenue": "2538000000", "costofGoodsAndServicesSold": "3248000000", "operatingIncome": "12144000000", "sellingGeneralAndAdministrative": "1982000000", "researchAndDevelopment": "None", "operatingExpenses": "2538000000", "investmentIncomeNet": "105000000", "netInterestIncome": "-563000000", "interestIncome": "-563000000", "interestExpense": "563000000", "nonInterestIncome": "-1000000", "otherNonOperatingIncome": "113000000", "depreciation": "None", "depreciationAndAmortization": "556000000", "incomeBeforeTax": "11694000000", "incomeTaxExpense": "4995000000", "interestAndDebtExpense": "None", "netIncomeFromContinuingOperations": "6699000000", "comprehensiveIncomeNetOfTax": "8035000000", "ebit": "12144000000", "ebitda": "12700000000", "netIncome": "6699000000"}], "quarterlyReports": [{"fiscalDateEnding": "2021-09-30", "reportedCurrency": "USD", "grossProfit": "4695000000", "totalRevenue": "6616000000", "costOfRevenue": "1921000000", "costofGoodsAndServicesSold": "1239000000", "operatingIncome": "4315000000", "sellingGeneralAndAdministrative": "672000000", "researchAndDevelopment": "None", "operatingExpenses": "874000000", "investmentIncomeNet": "None", "netInterestIncome": "-125000000", "interestIncome": "None", "interestExpense": "125000000", "nonInterestIncome": "6741000000", "otherNonOperatingIncome": "108000000", "depreciation": "None", "depreciationAndAmortization": "202000000", "incomeBeforeTax": "4298000000", "incomeTaxExpense": "714000000", "interestAndDebtExpense": "None", "netIncomeFromContinuingOperations": "3584000000", "comprehensiveIncomeNetOfTax": "3419000000", "ebit": "4315000000", "ebitda": "4517000000", "netIncome": "3584000000"}, {"fiscalDateEnding": "2021-06-30", "reportedCurrency": "USD", "grossProfit": "4225000000", "totalRevenue": "5999000000", "costOfRevenue": "1774000000", "costofGoodsAndServicesSold": "1284000000", "operatingIncome": "4064000000", "sellingGeneralAndAdministrative": "472000000", "researchAndDevelopment": "None", "operatingExpenses": "676000000", "investmentIncomeNet": "None", "netInterestIncome": "-131000000", "interestIncome": "-131000000", "interestExpense": "131000000", "nonInterestIncome": "6130000000", "otherNonOperatingIncome": "456000000", "depreciation": "None", "depreciationAndAmortization": "204000000", "incomeBeforeTax": "4389000000", "incomeTaxExpense": "1814000000", "interestAndDebtExpense": "None", "netIncomeFromContinuingOperations": "2575000000", "comprehensiveIncomeNetOfTax": "2804000000", "ebit": "4064000000", "ebitda": "4268000000", "netIncome": "2575000000"}, {"fiscalDateEnding": "2021-03-31", "reportedCurrency": "USD", "grossProfit": "3724000000", "totalRevenue": "5608000000", "costOfRevenue": "1884000000", "costofGoodsAndServicesSold": "1293000000", "operatingIncome": "3581000000", "sellingGeneralAndAdministrative": "569000000", "researchAndDevelopment": "None", "operatingExpenses": "770000000", "investmentIncomeNet": "None", "netInterestIncome": "-121000000", "interestIncome": "-121000000", "interestExpense": "121000000", "nonInterestIncome": "5729000000", "otherNonOperatingIncome": "168000000", "depreciation": "None", "depreciationAndAmortization": "201000000", "incomeBeforeTax": "3628000000", "incomeTaxExpense": "602000000", "interestAndDebtExpense": "None", "netIncomeFromContinuingOperations": "3026000000", "comprehensiveIncomeNetOfTax": "2244000000", "ebit": "3581000000", "ebitda": "3782000000", "netIncome": "3026000000"}, {"fiscalDateEnding": "2020-12-31", "reportedCurrency": "USD", "grossProfit": "3965000000", "totalRevenue": "5551000000", "costOfRevenue": "1586000000", "costofGoodsAndServicesSold": "1154000000", "operatingIncome": "3844000000", "sellingGeneralAndAdministrative": "408000000", "researchAndDevelopment": "None", "operatingExpenses": "605000000", "investmentIncomeNet": "None", "netInterestIncome": "-136000000", "interestIncome": "-136000000", "interestExpense": "136000000", "nonInterestIncome": "5687000000", "otherNonOperatingIncome": "40000000", "depreciation": "None", "depreciationAndAmortization": "197000000", "incomeBeforeTax": "3748000000", "incomeTaxExpense": "622000000", "interestAndDebtExpense": "None", "netIncomeFromContinuingOperations": "3126000000", "comprehensiveIncomeNetOfTax": "3926000000", "ebit": "3844000000", "ebitda": "4041000000", "netIncome": "3126000000"}, {"fiscalDateEnding": "2020-09-30", "reportedCurrency": "USD", "grossProfit": "3805000000", "totalRevenue": "5467000000", "costOfRevenue": "1662000000", "costofGoodsAndServicesSold": "1113000000", "operatingIncome": "3142000000", "sellingGeneralAndAdministrative": "544000000", "researchAndDevelopment": "None", "operatingExpenses": "740000000", "investmentIncomeNet": "None", "netInterestIncome": "-145000000", "interestIncome": "-145000000", "interestExpense": "145000000", "nonInterestIncome": "-16596000000", "otherNonOperatingIncome": "58000000", "depreciation": "None", "depreciationAndAmortization": "196000000", "incomeBeforeTax": "3055000000", "incomeTaxExpense": "918000000", "interestAndDebtExpense": "None", "netIncomeFromContinuingOperations": "2137000000", "comprehensiveIncomeNetOfTax": "2770000000", "ebit": "3142000000", "ebitda": "3338000000", "netIncome": "2137000000"}, {"fiscalDateEnding": "2020-06-30", "reportedCurrency": "USD", "grossProfit": "3125000000", "totalRevenue": "4695000000", "costOfRevenue": "1570000000", "costofGoodsAndServicesSold": "1113000000", "operatingIncome": "2999000000", "sellingGeneralAndAdministrative": "432000000", "researchAndDevelopment": "None", "operatingExpenses": "629000000", "investmentIncomeNet": "None", "netInterestIncome": "-142000000", "interestIncome": "-142000000", "interestExpense": "142000000", "nonInterestIncome": "4837000000", "otherNonOperatingIncome": "75000000", "depreciation": "None", "depreciationAndAmortization": "197000000", "incomeBeforeTax": "2932000000", "incomeTaxExpense": "559000000", "interestAndDebtExpense": "None", "netIncomeFromContinuingOperations": "2373000000", "comprehensiveIncomeNetOfTax": "2538000000", "ebit": "2999000000", "ebitda": "3196000000", "netIncome": "2373000000"}, {"fiscalDateEnding": "2020-03-31", "reportedCurrency": "USD", "grossProfit": "4101000000", "totalRevenue": "5737000000", "costOfRevenue": "1636000000", "costofGoodsAndServicesSold": "1123000000", "operatingIncome": "3924000000", "sellingGeneralAndAdministrative": "504000000", "researchAndDevelopment": "None", "operatingExpenses": "696000000", "investmentIncomeNet": "None", "netInterestIncome": "-118000000", "interestIncome": "-118000000", "interestExpense": "118000000", "nonInterestIncome": "5855000000", "otherNonOperatingIncome": "23000000", "depreciation": "None", "depreciationAndAmortization": "192000000", "incomeBeforeTax": "3829000000", "incomeTaxExpense": "745000000", "interestAndDebtExpense": "None", "netIncomeFromContinuingOperations": "3084000000", "comprehensiveIncomeNetOfTax": "2980000000", "ebit": "3924000000", "ebitda": "4116000000", "netIncome": "3084000000"}, {"fiscalDateEnding": "2019-12-31", "reportedCurrency": "USD", "grossProfit": "4196000000", "totalRevenue": "5947000000", "costOfRevenue": "1751000000", "costofGoodsAndServicesSold": "1163000000", "operatingIncome": "4016000000", "sellingGeneralAndAdministrative": "587000000", "researchAndDevelopment": "None", "operatingExpenses": "769000000", "investmentIncomeNet": "None", "netInterestIncome": "-111000000", "interestIncome": "-111000000", "interestExpense": "111000000", "nonInterestIncome": "6058000000", "otherNonOperatingIncome": "69000000", "depreciation": "None", "depreciationAndAmortization": "182000000", "incomeBeforeTax": "3974000000", "incomeTaxExpense": "702000000", "interestAndDebtExpense": "None", "netIncomeFromContinuingOperations": "3272000000", "comprehensiveIncomeNetOfTax": "3607000000", "ebit": "4016000000", "ebitda": "4198000000", "netIncome": "3272000000"}, {"fiscalDateEnding": "2019-09-30", "reportedCurrency": "USD", "grossProfit": "4447000000", "totalRevenue": "6137000000", "costOfRevenue": "1690000000", "costofGoodsAndServicesSold": "1064000000", "operatingIncome": "3735000000", "sellingGeneralAndAdministrative": "647000000", "researchAndDevelopment": "None", "operatingExpenses": "819000000", "investmentIncomeNet": "None", "netInterestIncome": "-120000000", "interestIncome": "-120000000", "interestExpense": "120000000", "nonInterestIncome": "80000000", "otherNonOperatingIncome": "96000000", "depreciation": "None", "depreciationAndAmortization": "172000000", "incomeBeforeTax": "3711000000", "incomeTaxExpense": "686000000", "interestAndDebtExpense": "None", "netIncomeFromContinuingOperations": "3025000000", "comprehensiveIncomeNetOfTax": "2265000000", "ebit": "3735000000", "ebitda": "3907000000", "netIncome": "3025000000"}, {"fiscalDateEnding": "2019-06-30", "reportedCurrency": "USD", "grossProfit": "4206000000", "totalRevenue": "5840000000", "costOfRevenue": "1634000000", "costofGoodsAndServicesSold": "1056000000", "operatingIncome": "3908000000", "sellingGeneralAndAdministrative": "597000000", "researchAndDevelopment": "None", "operatingExpenses": "762000000", "investmentIncomeNet": "None", "netInterestIncome": "-128000000", "interestIncome": "-128000000", "interestExpense": "128000000", "nonInterestIncome": "1000000", "otherNonOperatingIncome": "86000000", "depreciation": "None", "depreciationAndAmortization": "165000000", "incomeBeforeTax": "3866000000", "incomeTaxExpense": "765000000", "interestAndDebtExpense": "None", "netIncomeFromContinuingOperations": "3101000000", "comprehensiveIncomeNetOfTax": "3297000000", "ebit": "3908000000", "ebitda": "4073000000", "netIncome": "3101000000"}, {"fiscalDateEnding": "2019-03-31", "reportedCurrency": "USD", "grossProfit": "3935000000", "totalRevenue": "5494000000", "costOfRevenue": "1559000000", "costofGoodsAndServicesSold": "1065000000", "operatingIncome": "3641000000", "sellingGeneralAndAdministrative": "505000000", "researchAndDevelopment": "None", "operatingExpenses": "665000000", "investmentIncomeNet": "None", "netInterestIncome": "-140000000", "interestIncome": "-140000000", "interestExpense": "140000000", "nonInterestIncome": "15000000", "otherNonOperatingIncome": "176000000", "depreciation": "None", "depreciationAndAmortization": "160000000", "incomeBeforeTax": "3677000000", "incomeTaxExpense": "700000000", "interestAndDebtExpense": "None", "netIncomeFromContinuingOperations": "2977000000", "comprehensiveIncomeNetOfTax": "2616000000", "ebit": "3641000000", "ebitda": "3801000000", "netIncome": "2977000000"}, {"fiscalDateEnding": "2018-12-31", "reportedCurrency": "USD", "grossProfit": "3988000000", "totalRevenue": "5506000000", "costOfRevenue": "1518000000", "costofGoodsAndServicesSold": "980000000", "operatingIncome": "3717000000", "sellingGeneralAndAdministrative": "552000000", "researchAndDevelopment": "None", "operatingExpenses": "711000000", "investmentIncomeNet": "None", "netInterestIncome": "-145000000", "interestIncome": "None", "interestExpense": "145000000", "nonInterestIncome": "5506000000", "otherNonOperatingIncome": "58000000", "depreciation": "None", "depreciationAndAmortization": "159000000", "incomeBeforeTax": "3630000000", "incomeTaxExpense": "653000000", "interestAndDebtExpense": "None", "netIncomeFromContinuingOperations": "2977000000", "comprehensiveIncomeNetOfTax": "2698000000", "ebit": "3717000000", "ebitda": "3876000000", "netIncome": "2977000000"}, {"fiscalDateEnding": "2018-09-30", "reportedCurrency": "USD", "grossProfit": "1380000000", "totalRevenue": "5434000000", "costOfRevenue": "4054000000", "costofGoodsAndServicesSold": "1003000000", "operatingIncome": "3406000000", "sellingGeneralAndAdministrative": "721000000", "researchAndDevelopment": "None", "operatingExpenses": "884000000", "investmentIncomeNet": "None", "netInterestIncome": "-150000000", "interestIncome": "None", "interestExpense": "150000000", "nonInterestIncome": "None", "otherNonOperatingIncome": "282000000", "depreciation": "None", "depreciationAndAmortization": "163000000", "incomeBeforeTax": "3538000000", "incomeTaxExpense": "693000000", "interestAndDebtExpense": "None", "netIncomeFromContinuingOperations": "2845000000", "comprehensiveIncomeNetOfTax": "2651000000", "ebit": "3406000000", "ebitda": "3569000000", "netIncome": "2845000000"}, {"fiscalDateEnding": "2018-06-30", "reportedCurrency": "USD", "grossProfit": "4618000000", "totalRevenue": "5240000000", "costOfRevenue": "622000000", "costofGoodsAndServicesSold": "1021000000", "operatingIncome": "2885000000", "sellingGeneralAndAdministrative": "470000000", "researchAndDevelopment": "None", "operatingExpenses": "622000000", "investmentIncomeNet": "None", "netInterestIncome": "-155000000", "interestIncome": "None", "interestExpense": "155000000", "nonInterestIncome": "None", "otherNonOperatingIncome": "82000000", "depreciation": "None", "depreciationAndAmortization": "152000000", "incomeBeforeTax": "2812000000", "incomeTaxExpense": "483000000", "interestAndDebtExpense": "None", "netIncomeFromContinuingOperations": "2329000000", "comprehensiveIncomeNetOfTax": "1342000000", "ebit": "2885000000", "ebitda": "3037000000", "netIncome": "2329000000"}, {"fiscalDateEnding": "2018-03-31", "reportedCurrency": "USD", "grossProfit": "4437000000", "totalRevenue": "5073000000", "costOfRevenue": "636000000", "costofGoodsAndServicesSold": "993000000", "operatingIncome": "3336000000", "sellingGeneralAndAdministrative": "483000000", "researchAndDevelopment": "None", "operatingExpenses": "636000000", "investmentIncomeNet": "None", "netInterestIncome": "-153000000", "interestIncome": "None", "interestExpense": "153000000", "nonInterestIncome": "None", "otherNonOperatingIncome": "34000000", "depreciation": "None", "depreciationAndAmortization": "153000000", "incomeBeforeTax": "3217000000", "incomeTaxExpense": "612000000", "interestAndDebtExpense": "None", "netIncomeFromContinuingOperations": "2605000000", "comprehensiveIncomeNetOfTax": "3130000000", "ebit": "3336000000", "ebitda": "3489000000", "netIncome": "2605000000"}, {"fiscalDateEnding": "2017-12-31", "reportedCurrency": "USD", "grossProfit": "4258000000", "totalRevenue": "4862000000", "costOfRevenue": "604000000", "costofGoodsAndServicesSold": "839000000", "operatingIncome": "3327000000", "sellingGeneralAndAdministrative": "459000000", "researchAndDevelopment": "None", "operatingExpenses": "604000000", "investmentIncomeNet": "None", "netInterestIncome": "-154000000", "interestIncome": "None", "interestExpense": "154000000", "nonInterestIncome": "None", "otherNonOperatingIncome": "66000000", "depreciation": "None", "depreciationAndAmortization": "145000000", "incomeBeforeTax": "3239000000", "incomeTaxExpense": "717000000", "interestAndDebtExpense": "None", "netIncomeFromContinuingOperations": "2522000000", "comprehensiveIncomeNetOfTax": "2847000000", "ebit": "3327000000", "ebitda": "3472000000", "netIncome": "2522000000"}, {"fiscalDateEnding": "2017-09-30", "reportedCurrency": "USD", "grossProfit": "4180000000", "totalRevenue": "4855000000", "costOfRevenue": "675000000", "costofGoodsAndServicesSold": "822000000", "operatingIncome": "3212000000", "sellingGeneralAndAdministrative": "528000000", "researchAndDevelopment": "None", "operatingExpenses": "675000000", "investmentIncomeNet": "None", "netInterestIncome": "-148000000", "interestIncome": "None", "interestExpense": "148000000", "nonInterestIncome": "None", "otherNonOperatingIncome": "35000000", "depreciation": "None", "depreciationAndAmortization": "147000000", "incomeBeforeTax": "3099000000", "incomeTaxExpense": "959000000", "interestAndDebtExpense": "None", "netIncomeFromContinuingOperations": "2140000000", "comprehensiveIncomeNetOfTax": "2900000000", "ebit": "3212000000", "ebitda": "3359000000", "netIncome": "2140000000"}, {"fiscalDateEnding": "2017-06-30", "reportedCurrency": "USD", "grossProfit": "3982000000", "totalRevenue": "4565000000", "costOfRevenue": "583000000", "costofGoodsAndServicesSold": "856000000", "operatingIncome": "3024000000", "sellingGeneralAndAdministrative": "451000000", "researchAndDevelopment": "None", "operatingExpenses": "583000000", "investmentIncomeNet": "None", "netInterestIncome": "-140000000", "interestIncome": "None", "interestExpense": "140000000", "nonInterestIncome": "None", "otherNonOperatingIncome": "30000000", "depreciation": "None", "depreciationAndAmortization": "132000000", "incomeBeforeTax": "2914000000", "incomeTaxExpense": "855000000", "interestAndDebtExpense": "None", "netIncomeFromContinuingOperations": "2059000000", "comprehensiveIncomeNetOfTax": "3157000000", "ebit": "3024000000", "ebitda": "3156000000", "netIncome": "2059000000"}, {"fiscalDateEnding": "2017-03-31", "reportedCurrency": "USD", "grossProfit": "3747000000", "totalRevenue": "4477000000", "costOfRevenue": "730000000", "costofGoodsAndServicesSold": "854000000", "operatingIncome": "2808000000", "sellingGeneralAndAdministrative": "599000000", "researchAndDevelopment": "None", "operatingExpenses": "730000000", "investmentIncomeNet": "None", "netInterestIncome": "-135000000", "interestIncome": "None", "interestExpense": "135000000", "nonInterestIncome": "None", "otherNonOperatingIncome": "29000000", "depreciation": "None", "depreciationAndAmortization": "131000000", "incomeBeforeTax": "2702000000", "incomeTaxExpense": "2272000000", "interestAndDebtExpense": "None", "netIncomeFromContinuingOperations": "430000000", "comprehensiveIncomeNetOfTax": "819000000", "ebit": "2808000000", "ebitda": "2939000000", "netIncome": "430000000"}, {"fiscalDateEnding": "2016-12-31", "reportedCurrency": "USD", "grossProfit": "3911000000", "totalRevenue": "4461000000", "costOfRevenue": "550000000", "costofGoodsAndServicesSold": "716000000", "operatingIncome": "3100000000", "sellingGeneralAndAdministrative": "404000000", "researchAndDevelopment": "None", "operatingExpenses": "550000000", "investmentIncomeNet": "None", "netInterestIncome": "-140000000", "interestIncome": "None", "interestExpense": "140000000", "nonInterestIncome": "None", "otherNonOperatingIncome": "19000000", "depreciation": "None", "depreciationAndAmortization": "146000000", "incomeBeforeTax": "2979000000", "incomeTaxExpense": "909000000", "interestAndDebtExpense": "None", "netIncomeFromContinuingOperations": "2070000000", "comprehensiveIncomeNetOfTax": "1159000000", "ebit": "3100000000", "ebitda": "3246000000", "netIncome": "2070000000"}]}