{"symbol": "VMC", "annualReports": [{"fiscalDateEnding": "2020-12-31", "reportedCurrency": "USD", "grossProfit": "1281481000", "totalRevenue": "4856826000", "costOfRevenue": "3575345000", "costofGoodsAndServicesSold": "3575345000", "operatingIncome": "895731000", "sellingGeneralAndAdministrative": "359772000", "researchAndDevelopment": "None", "operatingExpenses": "447500000", "investmentIncomeNet": "None", "netInterestIncome": "-135960000", "interestIncome": "-134393000", "interestExpense": "135960000", "nonInterestIncome": "0", "otherNonOperatingIncome": "-17540000", "depreciation": "315136000", "depreciationAndAmortization": "48227000", "incomeBeforeTax": "740283000", "incomeTaxExpense": "155803000", "interestAndDebtExpense": "135960000", "netIncomeFromContinuingOperations": "587995000", "comprehensiveIncomeNetOfTax": "600913000", "ebit": "876243000", "ebitda": "924470000", "netIncome": "584480000"}, {"fiscalDateEnding": "2019-12-31", "reportedCurrency": "USD", "grossProfit": "1255901000", "totalRevenue": "4929103000", "costOfRevenue": "3673202000", "costofGoodsAndServicesSold": "3673202000", "operatingIncome": "877458000", "sellingGeneralAndAdministrative": "370548000", "researchAndDevelopment": "None", "operatingExpenses": "431402000", "investmentIncomeNet": "None", "netInterestIncome": "-130155000", "interestIncome": "1155000", "interestExpense": "130155000", "nonInterestIncome": "0", "otherNonOperatingIncome": "9243000", "depreciation": "300613000", "depreciationAndAmortization": "40541000", "incomeBeforeTax": "752860000", "incomeTaxExpense": "135198000", "interestAndDebtExpense": "130155000", "netIncomeFromContinuingOperations": "622503000", "comprehensiveIncomeNetOfTax": "592139000", "ebit": "883015000", "ebitda": "923556000", "netIncome": "617662000"}, {"fiscalDateEnding": "2018-12-31", "reportedCurrency": "USD", "grossProfit": "1100945000", "totalRevenue": "4382869000", "costOfRevenue": "3281924000", "costofGoodsAndServicesSold": "3281924000", "operatingIncome": "747713000", "sellingGeneralAndAdministrative": "333371000", "researchAndDevelopment": "None", "operatingExpenses": "399655000", "investmentIncomeNet": "None", "netInterestIncome": "-137977000", "interestIncome": "554000", "interestExpense": "137977000", "nonInterestIncome": "-6922000", "otherNonOperatingIncome": "13000000", "depreciation": "276814000", "depreciationAndAmortization": "35396000", "incomeBeforeTax": "621254000", "incomeTaxExpense": "105449000", "interestAndDebtExpense": "144899000", "netIncomeFromContinuingOperations": "517841000", "comprehensiveIncomeNetOfTax": "522685000", "ebit": "759231000", "ebitda": "794627000", "netIncome": "515805000"}, {"fiscalDateEnding": "2017-12-31", "reportedCurrency": "USD", "grossProfit": "993513000", "totalRevenue": "3890296000", "costOfRevenue": "2896783000", "costofGoodsAndServicesSold": "2896783000", "operatingIncome": "639044000", "sellingGeneralAndAdministrative": "324972000", "researchAndDevelopment": "None", "operatingExpenses": "390053000", "investmentIncomeNet": "None", "netInterestIncome": "-295522000", "interestIncome": "4437000", "interestExpense": "295522000", "nonInterestIncome": "-140772000", "otherNonOperatingIncome": "13357000", "depreciation": "250835000", "depreciationAndAmortization": "24373000", "incomeBeforeTax": "369110000", "incomeTaxExpense": "-232075000", "interestAndDebtExpense": "436294000", "netIncomeFromContinuingOperations": "593391000", "comprehensiveIncomeNetOfTax": "591095000", "ebit": "664632000", "ebitda": "689005000", "netIncome": "601185000"}, {"fiscalDateEnding": "2016-12-31", "reportedCurrency": "USD", "grossProfit": "988885000", "totalRevenue": "3592667000", "costOfRevenue": "2603782000", "costofGoodsAndServicesSold": "2603782000", "operatingIncome": "665902000", "sellingGeneralAndAdministrative": "316769000", "researchAndDevelopment": "None", "operatingExpenses": "348936000", "investmentIncomeNet": "None", "netInterestIncome": "-134076000", "interestIncome": "807000", "interestExpense": "134076000", "nonInterestIncome": "0", "otherNonOperatingIncome": "14624000", "depreciation": "238237000", "depreciationAndAmortization": "17832000", "incomeBeforeTax": "544342000", "incomeTaxExpense": "124851000", "interestAndDebtExpense": "134076000", "netIncomeFromContinuingOperations": "422406000", "comprehensiveIncomeNetOfTax": "400184000", "ebit": "678418000", "ebitda": "696250000", "netIncome": "419491000"}], "quarterlyReports": [{"fiscalDateEnding": "2021-09-30", "reportedCurrency": "USD", "grossProfit": "394061000", "totalRevenue": "1516506000", "costOfRevenue": "1122445000", "costofGoodsAndServicesSold": "1122445000", "operatingIncome": "262366000", "sellingGeneralAndAdministrative": "103792000", "researchAndDevelopment": "None", "operatingExpenses": "135864000", "investmentIncomeNet": "None", "netInterestIncome": "-172000", "interestIncome": "-36776000", "interestExpense": "172000", "nonInterestIncome": "None", "otherNonOperatingIncome": "3152000", "depreciation": "None", "depreciationAndAmortization": "828000", "incomeBeforeTax": "228676000", "incomeTaxExpense": "51770000", "interestAndDebtExpense": "172000", "netIncomeFromContinuingOperations": "176972000", "comprehensiveIncomeNetOfTax": "178505000", "ebit": "262366000", "ebitda": "229676000", "netIncome": "176906000"}, {"fiscalDateEnding": "2021-06-30", "reportedCurrency": "USD", "grossProfit": "398364000", "totalRevenue": "1361047000", "costOfRevenue": "962683000", "costofGoodsAndServicesSold": "962683000", "operatingIncome": "287536000", "sellingGeneralAndAdministrative": "100667000", "researchAndDevelopment": "None", "operatingExpenses": "114786000", "investmentIncomeNet": "None", "netInterestIncome": "-30000", "interestIncome": "-41696000", "interestExpense": "30000", "nonInterestIncome": "None", "otherNonOperatingIncome": "8223000", "depreciation": "None", "depreciationAndAmortization": "699000", "incomeBeforeTax": "252627000", "incomeTaxExpense": "57283000", "interestAndDebtExpense": "30000", "netIncomeFromContinuingOperations": "196780000", "comprehensiveIncomeNetOfTax": "196939000", "ebit": "287536000", "ebitda": "253356000", "netIncome": "195344000"}, {"fiscalDateEnding": "2021-03-31", "reportedCurrency": "USD", "grossProfit": "229267000", "totalRevenue": "1068344000", "costOfRevenue": "839077000", "costofGoodsAndServicesSold": "839077000", "operatingIncome": "249513000", "sellingGeneralAndAdministrative": "88593000", "researchAndDevelopment": "None", "operatingExpenses": "-16418000", "investmentIncomeNet": "None", "netInterestIncome": "-30000", "interestIncome": "-33118000", "interestExpense": "30000", "nonInterestIncome": "None", "otherNonOperatingIncome": "5913000", "depreciation": "None", "depreciationAndAmortization": "632000", "incomeBeforeTax": "221252000", "incomeTaxExpense": "60638000", "interestAndDebtExpense": "30000", "netIncomeFromContinuingOperations": "161670000", "comprehensiveIncomeNetOfTax": "162205000", "ebit": "249513000", "ebitda": "221914000", "netIncome": "160614000"}, {"fiscalDateEnding": "2020-12-31", "reportedCurrency": "USD", "grossProfit": "302741000", "totalRevenue": "1175119000", "costOfRevenue": "872378000", "costofGoodsAndServicesSold": "872378000", "operatingIncome": "196430000", "sellingGeneralAndAdministrative": "98626000", "researchAndDevelopment": "None", "operatingExpenses": "158791000", "investmentIncomeNet": "None", "netInterestIncome": "-135885000", "interestIncome": "-33884000", "interestExpense": "135885000", "nonInterestIncome": "None", "otherNonOperatingIncome": "-21358000", "depreciation": "None", "depreciationAndAmortization": "47105000", "incomeBeforeTax": "139791000", "incomeTaxExpense": "25273000", "interestAndDebtExpense": "135885000", "netIncomeFromContinuingOperations": "115915000", "comprehensiveIncomeNetOfTax": "139207000", "ebit": "196430000", "ebitda": "322781000", "netIncome": "114518000"}, {"fiscalDateEnding": "2020-09-30", "reportedCurrency": "USD", "grossProfit": "380498000", "totalRevenue": "1309890000", "costOfRevenue": "929392000", "costofGoodsAndServicesSold": "929392000", "operatingIncome": "288104000", "sellingGeneralAndAdministrative": "83511000", "researchAndDevelopment": "None", "operatingExpenses": "95509000", "investmentIncomeNet": "None", "netInterestIncome": "-27000", "interestIncome": "-35782000", "interestExpense": "27000", "nonInterestIncome": "None", "otherNonOperatingIncome": "5787000", "depreciation": "None", "depreciationAndAmortization": "449000", "incomeBeforeTax": "256772000", "incomeTaxExpense": "56984000", "interestAndDebtExpense": "27000", "netIncomeFromContinuingOperations": "201125000", "comprehensiveIncomeNetOfTax": "201833000", "ebit": "288104000", "ebitda": "257248000", "netIncome": "199788000"}, {"fiscalDateEnding": "2020-06-30", "reportedCurrency": "USD", "grossProfit": "396519000", "totalRevenue": "1322575000", "costOfRevenue": "926056000", "costofGoodsAndServicesSold": "926056000", "operatingIncome": "298896000", "sellingGeneralAndAdministrative": "91205000", "researchAndDevelopment": "None", "operatingExpenses": "100870000", "investmentIncomeNet": "None", "netInterestIncome": "-25000", "interestIncome": "-33954000", "interestExpense": "25000", "nonInterestIncome": "None", "otherNonOperatingIncome": "7367000", "depreciation": "None", "depreciationAndAmortization": "369000", "incomeBeforeTax": "271268000", "incomeTaxExpense": "61352000", "interestAndDebtExpense": "25000", "netIncomeFromContinuingOperations": "210957000", "comprehensiveIncomeNetOfTax": "211805000", "ebit": "298896000", "ebitda": "271662000", "netIncome": "209916000"}, {"fiscalDateEnding": "2020-03-31", "reportedCurrency": "USD", "grossProfit": "201723000", "totalRevenue": "1049242000", "costOfRevenue": "847519000", "costofGoodsAndServicesSold": "847519000", "operatingIncome": "112301000", "sellingGeneralAndAdministrative": "86430000", "researchAndDevelopment": "None", "operatingExpenses": "92330000", "investmentIncomeNet": "None", "netInterestIncome": "-22000", "interestIncome": "-30773000", "interestExpense": "22000", "nonInterestIncome": "None", "otherNonOperatingIncome": "-9336000", "depreciation": "None", "depreciationAndAmortization": "304000", "incomeBeforeTax": "72452000", "incomeTaxExpense": "12194000", "interestAndDebtExpense": "22000", "netIncomeFromContinuingOperations": "59998000", "comprehensiveIncomeNetOfTax": "48067000", "ebit": "112301000", "ebitda": "72778000", "netIncome": "60258000"}, {"fiscalDateEnding": "2019-12-31", "reportedCurrency": "USD", "grossProfit": "293081000", "totalRevenue": "1186152000", "costOfRevenue": "893071000", "costofGoodsAndServicesSold": "893071000", "operatingIncome": "193575000", "sellingGeneralAndAdministrative": "95801000", "researchAndDevelopment": "None", "operatingExpenses": "144270000", "investmentIncomeNet": "None", "netInterestIncome": "-30835000", "interestIncome": "-30835000", "interestExpense": "31990000", "nonInterestIncome": "0", "otherNonOperatingIncome": "3289000", "depreciation": "None", "depreciationAndAmortization": "None", "incomeBeforeTax": "164526000", "incomeTaxExpense": "23434000", "interestAndDebtExpense": "130155000", "netIncomeFromContinuingOperations": "142595000", "comprehensiveIncomeNetOfTax": "114545000", "ebit": "193575000", "ebitda": "196517000", "netIncome": "141092000"}, {"fiscalDateEnding": "2019-09-30", "reportedCurrency": "USD", "grossProfit": "400643000", "totalRevenue": "1418758000", "costOfRevenue": "1018115000", "costofGoodsAndServicesSold": "1018115000", "operatingIncome": "303376000", "sellingGeneralAndAdministrative": "88789000", "researchAndDevelopment": "None", "operatingExpenses": "100011000", "investmentIncomeNet": "None", "netInterestIncome": "-32197000", "interestIncome": "-32197000", "interestExpense": "32197000", "nonInterestIncome": "0", "otherNonOperatingIncome": "359000", "depreciation": "None", "depreciationAndAmortization": "None", "incomeBeforeTax": "269185000", "incomeTaxExpense": "53472000", "interestAndDebtExpense": "0", "netIncomeFromContinuingOperations": "218066000", "comprehensiveIncomeNetOfTax": "216056000", "ebit": "303376000", "ebitda": "301382000", "netIncome": "215713000"}, {"fiscalDateEnding": "2019-06-30", "reportedCurrency": "USD", "grossProfit": "370502000", "totalRevenue": "1327682000", "costOfRevenue": "957180000", "costofGoodsAndServicesSold": "957180000", "operatingIncome": "276074000", "sellingGeneralAndAdministrative": "95689000", "researchAndDevelopment": "None", "operatingExpenses": "97145000", "investmentIncomeNet": "None", "netInterestIncome": "-33035000", "interestIncome": "-33035000", "interestExpense": "33035000", "nonInterestIncome": "0", "otherNonOperatingIncome": "2466000", "depreciation": "None", "depreciationAndAmortization": "None", "incomeBeforeTax": "245156000", "incomeTaxExpense": "47598000", "interestAndDebtExpense": "0", "netIncomeFromContinuingOperations": "197907000", "comprehensiveIncomeNetOfTax": "197950000", "ebit": "276074000", "ebitda": "278191000", "netIncome": "197558000"}, {"fiscalDateEnding": "2019-03-31", "reportedCurrency": "USD", "grossProfit": "191675000", "totalRevenue": "996511000", "costOfRevenue": "804836000", "costofGoodsAndServicesSold": "804836000", "operatingIncome": "104433000", "sellingGeneralAndAdministrative": "90268000", "researchAndDevelopment": "None", "operatingExpenses": "89975000", "investmentIncomeNet": "None", "netInterestIncome": "-32934000", "interestIncome": "-32934000", "interestExpense": "32934000", "nonInterestIncome": "0", "otherNonOperatingIncome": "3129000", "depreciation": "None", "depreciationAndAmortization": "None", "incomeBeforeTax": "73992000", "incomeTaxExpense": "10693000", "interestAndDebtExpense": "0", "netIncomeFromContinuingOperations": "63935000", "comprehensiveIncomeNetOfTax": "63589000", "ebit": "104433000", "ebitda": "106926000", "netIncome": "63299000"}, {"fiscalDateEnding": "2018-12-31", "reportedCurrency": "USD", "grossProfit": "275285000", "totalRevenue": "1088047000", "costOfRevenue": "812762000", "costofGoodsAndServicesSold": "812763000", "operatingIncome": "186491000", "sellingGeneralAndAdministrative": "84382000", "researchAndDevelopment": "None", "operatingExpenses": "127182000", "investmentIncomeNet": "None", "netInterestIncome": "None", "interestIncome": "None", "interestExpense": "33411000", "nonInterestIncome": "0", "otherNonOperatingIncome": "292000", "depreciation": "None", "depreciationAndAmortization": "None", "incomeBeforeTax": "153667000", "incomeTaxExpense": "29644000", "interestAndDebtExpense": "137977000", "netIncomeFromContinuingOperations": "124280000", "comprehensiveIncomeNetOfTax": "124961000", "ebit": "186491000", "ebitda": "187077000", "netIncome": "124023000"}, {"fiscalDateEnding": "2018-09-30", "reportedCurrency": "USD", "grossProfit": "343142000", "totalRevenue": "1240197000", "costOfRevenue": "897055000", "costofGoodsAndServicesSold": "897055000", "operatingIncome": "249184000", "sellingGeneralAndAdministrative": "81606000", "researchAndDevelopment": "None", "operatingExpenses": "96642000", "investmentIncomeNet": "None", "netInterestIncome": "None", "interestIncome": "None", "interestExpense": "33547000", "nonInterestIncome": "-7388000", "otherNonOperatingIncome": "4890000", "depreciation": "None", "depreciationAndAmortization": "None", "incomeBeforeTax": "219814000", "incomeTaxExpense": "40663000", "interestAndDebtExpense": "7388000", "netIncomeFromContinuingOperations": "179864000", "comprehensiveIncomeNetOfTax": "180295000", "ebit": "249184000", "ebitda": "253361000", "netIncome": "179151000"}, {"fiscalDateEnding": "2018-06-30", "reportedCurrency": "USD", "grossProfit": "323184000", "totalRevenue": "1200151000", "costOfRevenue": "876967000", "costofGoodsAndServicesSold": "876967000", "operatingIncome": "230843000", "sellingGeneralAndAdministrative": "89043000", "researchAndDevelopment": "None", "operatingExpenses": "95599000", "investmentIncomeNet": "None", "netInterestIncome": "None", "interestIncome": "None", "interestExpense": "33244000", "nonInterestIncome": "0", "otherNonOperatingIncome": "3339000", "depreciation": "None", "depreciationAndAmortization": "None", "incomeBeforeTax": "199698000", "incomeTaxExpense": "40046000", "interestAndDebtExpense": "0", "netIncomeFromContinuingOperations": "160302000", "comprehensiveIncomeNetOfTax": "160796000", "ebit": "230843000", "ebitda": "232942000", "netIncome": "159652000"}, {"fiscalDateEnding": "2018-03-31", "reportedCurrency": "USD", "grossProfit": "159334000", "totalRevenue": "854474000", "costOfRevenue": "695140000", "costofGoodsAndServicesSold": "695140000", "operatingIncome": "81195000", "sellingGeneralAndAdministrative": "78340000", "researchAndDevelopment": "None", "operatingExpenses": "80835000", "investmentIncomeNet": "None", "netInterestIncome": "None", "interestIncome": "None", "interestExpense": "37774000", "nonInterestIncome": "-6922000", "otherNonOperatingIncome": "5071000", "depreciation": "None", "depreciationAndAmortization": "None", "incomeBeforeTax": "48076000", "incomeTaxExpense": "-4903000", "interestAndDebtExpense": "6922000", "netIncomeFromContinuingOperations": "53395000", "comprehensiveIncomeNetOfTax": "56632000", "ebit": "81195000", "ebitda": "85850000", "netIncome": "52979000"}, {"fiscalDateEnding": "2017-12-31", "reportedCurrency": "USD", "grossProfit": "241517000", "totalRevenue": "977490000", "costOfRevenue": "735973000", "costofGoodsAndServicesSold": "735973000", "operatingIncome": "149202000", "sellingGeneralAndAdministrative": "85921000", "researchAndDevelopment": "None", "operatingExpenses": "120037000", "investmentIncomeNet": "None", "netInterestIncome": "None", "interestIncome": "None", "interestExpense": "140950000", "nonInterestIncome": "-97724000", "otherNonOperatingIncome": "1648000", "depreciation": "None", "depreciationAndAmortization": "None", "incomeBeforeTax": "13914000", "incomeTaxExpense": "-313632000", "interestAndDebtExpense": "393246000", "netIncomeFromContinuingOperations": "327969000", "comprehensiveIncomeNetOfTax": "314339000", "ebit": "149202000", "ebitda": "154864000", "netIncome": "327546000"}, {"fiscalDateEnding": "2017-09-30", "reportedCurrency": "USD", "grossProfit": "303758000", "totalRevenue": "1094715000", "costOfRevenue": "790957000", "costofGoodsAndServicesSold": "790957000", "operatingIncome": "227478000", "sellingGeneralAndAdministrative": "73612000", "researchAndDevelopment": "None", "operatingExpenses": "78886000", "investmentIncomeNet": "None", "netInterestIncome": "None", "interestIncome": "None", "interestExpense": "82041000", "nonInterestIncome": "-46077000", "otherNonOperatingIncome": "3793000", "depreciation": "None", "depreciationAndAmortization": "None", "incomeBeforeTax": "147659000", "incomeTaxExpense": "39080000", "interestAndDebtExpense": "46077000", "netIncomeFromContinuingOperations": "110150000", "comprehensiveIncomeNetOfTax": "110194000", "ebit": "227478000", "ebitda": "229700000", "netIncome": "108579000"}, {"fiscalDateEnding": "2017-06-30", "reportedCurrency": "USD", "grossProfit": "290017000", "totalRevenue": "1030763000", "costOfRevenue": "740746000", "costofGoodsAndServicesSold": "740746000", "operatingIncome": "191976000", "sellingGeneralAndAdministrative": "83056000", "researchAndDevelopment": "None", "operatingExpenses": "100669000", "investmentIncomeNet": "None", "netInterestIncome": "None", "interestIncome": "None", "interestExpense": "38455000", "nonInterestIncome": "0", "otherNonOperatingIncome": "3890000", "depreciation": "None", "depreciationAndAmortization": "None", "incomeBeforeTax": "165791000", "incomeTaxExpense": "45652000", "interestAndDebtExpense": "0", "netIncomeFromContinuingOperations": "111749000", "comprehensiveIncomeNetOfTax": "120894000", "ebit": "191976000", "ebitda": "204246000", "netIncome": "120139000"}, {"fiscalDateEnding": "2017-03-31", "reportedCurrency": "USD", "grossProfit": "158221000", "totalRevenue": "787328000", "costOfRevenue": "629107000", "costofGoodsAndServicesSold": "629107000", "operatingIncome": "70388000", "sellingGeneralAndAdministrative": "82383000", "researchAndDevelopment": "None", "operatingExpenses": "90461000", "investmentIncomeNet": "None", "netInterestIncome": "None", "interestIncome": "None", "interestExpense": "34076000", "nonInterestIncome": "0", "otherNonOperatingIncome": "4045000", "depreciation": "None", "depreciationAndAmortization": "None", "incomeBeforeTax": "41746000", "incomeTaxExpense": "-3175000", "interestAndDebtExpense": "0", "netIncomeFromContinuingOperations": "43523000", "comprehensiveIncomeNetOfTax": "45668000", "ebit": "70388000", "ebitda": "75822000", "netIncome": "44921000"}, {"fiscalDateEnding": "2016-12-31", "reportedCurrency": "USD", "grossProfit": "239706000", "totalRevenue": "876294000", "costOfRevenue": "733203000", "costofGoodsAndServicesSold": "645201000", "operatingIncome": "173799000", "sellingGeneralAndAdministrative": "81309000", "researchAndDevelopment": "None", "operatingExpenses": "85444000", "investmentIncomeNet": "None", "netInterestIncome": "-130756000", "interestIncome": "None", "interestExpense": "130756000", "nonInterestIncome": "0", "otherNonOperatingIncome": "14299000", "depreciation": "None", "depreciationAndAmortization": "None", "incomeBeforeTax": "145876000", "incomeTaxExpense": "33276000", "interestAndDebtExpense": "130756000", "netIncomeFromContinuingOperations": "108063000", "comprehensiveIncomeNetOfTax": "92331000", "ebit": "173799000", "ebitda": "179761000", "netIncome": "112600000"}]}