{"symbol": "WEC", "annualReports": [{"fiscalDateEnding": "2020-12-31", "reportedCurrency": "USD", "grossProfit": "4692700000", "totalRevenue": "7241700000", "costOfRevenue": "2549000000", "costofGoodsAndServicesSold": "2319500000", "operatingIncome": "1706100000", "sellingGeneralAndAdministrative": "243700000", "researchAndDevelopment": "None", "operatingExpenses": "2405800000", "investmentIncomeNet": "None", "netInterestIncome": "-493700000", "interestIncome": "-317900000", "interestExpense": "493700000", "nonInterestIncome": "-38400000", "otherNonOperatingIncome": "79500000", "depreciation": "None", "depreciationAndAmortization": "6300000", "incomeBeforeTax": "1429000000", "incomeTaxExpense": "227900000", "interestAndDebtExpense": "532100000", "netIncomeFromContinuingOperations": "1201400000", "comprehensiveIncomeNetOfTax": "1197200000", "ebit": "1706100000", "ebitda": "1929000000", "netIncome": "1201100000"}, {"fiscalDateEnding": "2019-12-31", "reportedCurrency": "USD", "grossProfit": "4601500000", "totalRevenue": "7523100000", "costOfRevenue": "2921600000", "costofGoodsAndServicesSold": "2678800000", "operatingIncome": "1531400000", "sellingGeneralAndAdministrative": "252000000", "researchAndDevelopment": "None", "operatingExpenses": "2463800000", "investmentIncomeNet": "None", "netInterestIncome": "-501500000", "interestIncome": "-352700000", "interestExpense": "501500000", "nonInterestIncome": "0", "otherNonOperatingIncome": "102200000", "depreciation": "None", "depreciationAndAmortization": "4900000", "incomeBeforeTax": "1260200000", "incomeTaxExpense": "125000000", "interestAndDebtExpense": "501500000", "netIncomeFromContinuingOperations": "1134700000", "comprehensiveIncomeNetOfTax": "1132500000", "ebit": "1531400000", "ebitda": "1766600000", "netIncome": "1135200000"}, {"fiscalDateEnding": "2018-12-31", "reportedCurrency": "USD", "grossProfit": "4534900000", "totalRevenue": "7679500000", "costOfRevenue": "3144600000", "costofGoodsAndServicesSold": "2897900000", "operatingIncome": "1468400000", "sellingGeneralAndAdministrative": "244700000", "researchAndDevelopment": "None", "operatingExpenses": "2543200000", "investmentIncomeNet": "None", "netInterestIncome": "-445100000", "interestIncome": "-308400000", "interestExpense": "445100000", "nonInterestIncome": "0", "otherNonOperatingIncome": "70300000", "depreciation": "None", "depreciationAndAmortization": "845800000", "incomeBeforeTax": "1230300000", "incomeTaxExpense": "169800000", "interestAndDebtExpense": "445100000", "netIncomeFromContinuingOperations": "1060500000", "comprehensiveIncomeNetOfTax": "1053800000", "ebit": "1468400000", "ebitda": "2521200000", "netIncome": "1060500000"}, {"fiscalDateEnding": "2017-12-31", "reportedCurrency": "USD", "grossProfit": "4531700000", "totalRevenue": "7648500000", "costOfRevenue": "3116800000", "costofGoodsAndServicesSold": "2822800000", "operatingIncome": "1776100000", "sellingGeneralAndAdministrative": "237100000", "researchAndDevelopment": "None", "operatingExpenses": "292100000", "investmentIncomeNet": "None", "netInterestIncome": "-415700000", "interestIncome": "-261400000", "interestExpense": "415700000", "nonInterestIncome": "0", "otherNonOperatingIncome": "73700000", "depreciation": "None", "depreciationAndAmortization": "798600000", "incomeBeforeTax": "1588400000", "incomeTaxExpense": "383500000", "interestAndDebtExpense": "415700000", "netIncomeFromContinuingOperations": "1204900000", "comprehensiveIncomeNetOfTax": "1203700000", "ebit": "1776100000", "ebitda": "2802700000", "netIncome": "1204900000"}, {"fiscalDateEnding": "2016-12-31", "reportedCurrency": "USD", "grossProfit": "3761900000", "totalRevenue": "7472300000", "costOfRevenue": "3710400000", "costofGoodsAndServicesSold": "2647400000", "operatingIncome": "1696300000", "sellingGeneralAndAdministrative": "272100000", "researchAndDevelopment": "None", "operatingExpenses": "1063000000", "investmentIncomeNet": "None", "netInterestIncome": "-402700000", "interestIncome": "-256200000", "interestExpense": "402700000", "nonInterestIncome": "23600000", "otherNonOperatingIncome": "66600000", "depreciation": "None", "depreciationAndAmortization": "762600000", "incomeBeforeTax": "1506700000", "incomeTaxExpense": "566500000", "interestAndDebtExpense": "379100000", "netIncomeFromContinuingOperations": "940200000", "comprehensiveIncomeNetOfTax": "937300000", "ebit": "1696300000", "ebitda": "2672000000", "netIncome": "940200000"}], "quarterlyReports": [{"fiscalDateEnding": "2021-09-30", "reportedCurrency": "USD", "grossProfit": "1135300000", "totalRevenue": "1746500000", "costOfRevenue": "611200000", "costofGoodsAndServicesSold": "560700000", "operatingIncome": "390000000", "sellingGeneralAndAdministrative": "50500000", "researchAndDevelopment": "None", "operatingExpenses": "540100000", "investmentIncomeNet": "None", "netInterestIncome": "-118000000", "interestIncome": "-75700000", "interestExpense": "118000000", "nonInterestIncome": "None", "otherNonOperatingIncome": "25200000", "depreciation": "None", "depreciationAndAmortization": "271600000", "incomeBeforeTax": "341100000", "incomeTaxExpense": "50800000", "interestAndDebtExpense": "118000000", "netIncomeFromContinuingOperations": "288700000", "comprehensiveIncomeNetOfTax": "291000000", "ebit": "390000000", "ebitda": "730700000", "netIncome": "290300000"}, {"fiscalDateEnding": "2021-06-30", "reportedCurrency": "USD", "grossProfit": "1098800000", "totalRevenue": "1676200000", "costOfRevenue": "577400000", "costofGoodsAndServicesSold": "525900000", "operatingIncome": "368800000", "sellingGeneralAndAdministrative": "51500000", "researchAndDevelopment": "None", "operatingExpenses": "530900000", "investmentIncomeNet": "None", "netInterestIncome": "-120000000", "interestIncome": "-78700000", "interestExpense": "120000000", "nonInterestIncome": "None", "otherNonOperatingIncome": "39700000", "depreciation": "None", "depreciationAndAmortization": "266200000", "incomeBeforeTax": "330400000", "incomeTaxExpense": "54100000", "interestAndDebtExpense": "120000000", "netIncomeFromContinuingOperations": "275700000", "comprehensiveIncomeNetOfTax": "277100000", "ebit": "368800000", "ebitda": "716600000", "netIncome": "276300000"}, {"fiscalDateEnding": "2021-03-31", "reportedCurrency": "USD", "grossProfit": "1370600000", "totalRevenue": "2691400000", "costOfRevenue": "1320800000", "costofGoodsAndServicesSold": "1265600000", "operatingIncome": "629300000", "sellingGeneralAndAdministrative": "55200000", "researchAndDevelopment": "None", "operatingExpenses": "557200000", "investmentIncomeNet": "None", "netInterestIncome": "-119500000", "interestIncome": "-76900000", "interestExpense": "119500000", "nonInterestIncome": "None", "otherNonOperatingIncome": "32800000", "depreciation": "None", "depreciationAndAmortization": "261400000", "incomeBeforeTax": "585300000", "incomeTaxExpense": "74900000", "interestAndDebtExpense": "119500000", "netIncomeFromContinuingOperations": "510300000", "comprehensiveIncomeNetOfTax": "511200000", "ebit": "629300000", "ebitda": "966200000", "netIncome": "510400000"}, {"fiscalDateEnding": "2020-12-31", "reportedCurrency": "USD", "grossProfit": "1933400000", "totalRevenue": "1933400000", "costOfRevenue": "730400000", "costofGoodsAndServicesSold": "657500000", "operatingIncome": "370500000", "sellingGeneralAndAdministrative": "87100000", "researchAndDevelopment": "None", "operatingExpenses": "750400000", "investmentIncomeNet": "None", "netInterestIncome": "-117900000", "interestIncome": "-74900000", "interestExpense": "117900000", "nonInterestIncome": "None", "otherNonOperatingIncome": "19600000", "depreciation": "None", "depreciationAndAmortization": "248400000", "incomeBeforeTax": "407700000", "incomeTaxExpense": "37200000", "interestAndDebtExpense": "156300000", "netIncomeFromContinuingOperations": "370500000", "comprehensiveIncomeNetOfTax": "238600000", "ebit": "370500000", "ebitda": "641800000", "netIncome": "370500000"}, {"fiscalDateEnding": "2020-09-30", "reportedCurrency": "USD", "grossProfit": "1113900000", "totalRevenue": "1651000000", "costOfRevenue": "537100000", "costofGoodsAndServicesSold": "482800000", "operatingIncome": "370200000", "sellingGeneralAndAdministrative": "54300000", "researchAndDevelopment": "None", "operatingExpenses": "575200000", "investmentIncomeNet": "None", "netInterestIncome": "-122000000", "interestIncome": "-75900000", "interestExpense": "122000000", "nonInterestIncome": "None", "otherNonOperatingIncome": "25700000", "depreciation": "None", "depreciationAndAmortization": "245000000", "incomeBeforeTax": "314000000", "incomeTaxExpense": "46900000", "interestAndDebtExpense": "122000000", "netIncomeFromContinuingOperations": "267100000", "comprehensiveIncomeNetOfTax": "267700000", "ebit": "370200000", "ebitda": "681000000", "netIncome": "267100000"}, {"fiscalDateEnding": "2020-06-30", "reportedCurrency": "USD", "grossProfit": "1054400000", "totalRevenue": "1548700000", "costOfRevenue": "494300000", "costofGoodsAndServicesSold": "444500000", "operatingIncome": "338800000", "sellingGeneralAndAdministrative": "49800000", "researchAndDevelopment": "None", "operatingExpenses": "522900000", "investmentIncomeNet": "None", "netInterestIncome": "-124400000", "interestIncome": "-59800000", "interestExpense": "124400000", "nonInterestIncome": "None", "otherNonOperatingIncome": "28600000", "depreciation": "None", "depreciationAndAmortization": "242500000", "incomeBeforeTax": "295700000", "incomeTaxExpense": "53800000", "interestAndDebtExpense": "124400000", "netIncomeFromContinuingOperations": "242100000", "comprehensiveIncomeNetOfTax": "241400000", "ebit": "338800000", "ebitda": "662600000", "netIncome": "241900000"}, {"fiscalDateEnding": "2020-03-31", "reportedCurrency": "USD", "grossProfit": "1321400000", "totalRevenue": "2108600000", "costOfRevenue": "787200000", "costofGoodsAndServicesSold": "734700000", "operatingIncome": "626600000", "sellingGeneralAndAdministrative": "52500000", "researchAndDevelopment": "None", "operatingExpenses": "537000000", "investmentIncomeNet": "None", "netInterestIncome": "-129400000", "interestIncome": "-102900000", "interestExpense": "129400000", "nonInterestIncome": "None", "otherNonOperatingIncome": "5600000", "depreciation": "None", "depreciationAndAmortization": "239100000", "incomeBeforeTax": "542800000", "incomeTaxExpense": "90000000", "interestAndDebtExpense": "129400000", "netIncomeFromContinuingOperations": "452600000", "comprehensiveIncomeNetOfTax": "449500000", "ebit": "626600000", "ebitda": "911300000", "netIncome": "452800000"}, {"fiscalDateEnding": "2019-12-31", "reportedCurrency": "USD", "grossProfit": "1947500000", "totalRevenue": "1947500000", "costOfRevenue": "784200000", "costofGoodsAndServicesSold": "693000000", "operatingIncome": "363100000", "sellingGeneralAndAdministrative": "104000000", "researchAndDevelopment": "None", "operatingExpenses": "728800000", "investmentIncomeNet": "None", "netInterestIncome": "-127200000", "interestIncome": "-90100000", "interestExpense": "127200000", "nonInterestIncome": "None", "otherNonOperatingIncome": "25900000", "depreciation": "None", "depreciationAndAmortization": "1300000", "incomeBeforeTax": "396600000", "incomeTaxExpense": "33500000", "interestAndDebtExpense": "127200000", "netIncomeFromContinuingOperations": "244200000", "comprehensiveIncomeNetOfTax": "246900000", "ebit": "363100000", "ebitda": "525100000", "netIncome": "363100000"}, {"fiscalDateEnding": "2019-09-30", "reportedCurrency": "USD", "grossProfit": "1072600000", "totalRevenue": "1608000000", "costOfRevenue": "535400000", "costofGoodsAndServicesSold": "484300000", "operatingIncome": "310900000", "sellingGeneralAndAdministrative": "49800000", "researchAndDevelopment": "None", "operatingExpenses": "580300000", "investmentIncomeNet": "None", "netInterestIncome": "-125800000", "interestIncome": "-87100000", "interestExpense": "125800000", "nonInterestIncome": "None", "otherNonOperatingIncome": "21800000", "depreciation": "None", "depreciationAndAmortization": "1300000", "incomeBeforeTax": "245900000", "incomeTaxExpense": "11300000", "interestAndDebtExpense": "125800000", "netIncomeFromContinuingOperations": "234300000", "comprehensiveIncomeNetOfTax": "233800000", "ebit": "310900000", "ebitda": "373000000", "netIncome": "234600000"}, {"fiscalDateEnding": "2019-06-30", "reportedCurrency": "USD", "grossProfit": "1046900000", "totalRevenue": "1590200000", "costOfRevenue": "543300000", "costofGoodsAndServicesSold": "491900000", "operatingIncome": "314600000", "sellingGeneralAndAdministrative": "50200000", "researchAndDevelopment": "None", "operatingExpenses": "550100000", "investmentIncomeNet": "None", "netInterestIncome": "-124100000", "interestIncome": "-87200000", "interestExpense": "124100000", "nonInterestIncome": "4900000", "otherNonOperatingIncome": "23600000", "depreciation": "None", "depreciationAndAmortization": "1200000", "incomeBeforeTax": "251200000", "incomeTaxExpense": "15200000", "interestAndDebtExpense": "124100000", "netIncomeFromContinuingOperations": "235800000", "comprehensiveIncomeNetOfTax": "233100000", "ebit": "314600000", "ebitda": "376500000", "netIncome": "236000000"}, {"fiscalDateEnding": "2019-03-31", "reportedCurrency": "USD", "grossProfit": "1319800000", "totalRevenue": "2377400000", "costOfRevenue": "1057600000", "costofGoodsAndServicesSold": "1009600000", "operatingIncome": "542800000", "sellingGeneralAndAdministrative": "48000000", "researchAndDevelopment": "None", "operatingExpenses": "598600000", "investmentIncomeNet": "None", "netInterestIncome": "-124400000", "interestIncome": "-88300000", "interestExpense": "124400000", "nonInterestIncome": "None", "otherNonOperatingIncome": "30900000", "depreciation": "None", "depreciationAndAmortization": "1100000", "incomeBeforeTax": "485400000", "incomeTaxExpense": "65000000", "interestAndDebtExpense": "124400000", "netIncomeFromContinuingOperations": "420400000", "comprehensiveIncomeNetOfTax": "418700000", "ebit": "542800000", "ebitda": "610900000", "netIncome": "420400000"}, {"fiscalDateEnding": "2018-12-31", "reportedCurrency": "USD", "grossProfit": "2076800000", "totalRevenue": "2076800000", "costOfRevenue": "951300000", "costofGoodsAndServicesSold": "854000000", "operatingIncome": "289800000", "sellingGeneralAndAdministrative": "95300000", "researchAndDevelopment": "None", "operatingExpenses": "791100000", "investmentIncomeNet": "None", "netInterestIncome": "-117900000", "interestIncome": "None", "interestExpense": "117900000", "nonInterestIncome": "None", "otherNonOperatingIncome": "5300000", "depreciation": "None", "depreciationAndAmortization": "217700000", "incomeBeforeTax": "303200000", "incomeTaxExpense": "13400000", "interestAndDebtExpense": "117900000", "netIncomeFromContinuingOperations": "205300000", "comprehensiveIncomeNetOfTax": "200000000", "ebit": "289800000", "ebitda": "554300000", "netIncome": "289800000"}, {"fiscalDateEnding": "2018-09-30", "reportedCurrency": "USD", "grossProfit": "1068600000", "totalRevenue": "1643700000", "costOfRevenue": "575100000", "costofGoodsAndServicesSold": "524100000", "operatingIncome": "302700000", "sellingGeneralAndAdministrative": "51000000", "researchAndDevelopment": "None", "operatingExpenses": "604100000", "investmentIncomeNet": "None", "netInterestIncome": "-112000000", "interestIncome": "None", "interestExpense": "112000000", "nonInterestIncome": "None", "otherNonOperatingIncome": "26100000", "depreciation": "None", "depreciationAndAmortization": "212800000", "incomeBeforeTax": "250500000", "incomeTaxExpense": "17000000", "interestAndDebtExpense": "112000000", "netIncomeFromContinuingOperations": "233500000", "comprehensiveIncomeNetOfTax": "233100000", "ebit": "302700000", "ebitda": "575300000", "netIncome": "233500000"}, {"fiscalDateEnding": "2018-06-30", "reportedCurrency": "USD", "grossProfit": "1075200000", "totalRevenue": "1672500000", "costOfRevenue": "597300000", "costofGoodsAndServicesSold": "547700000", "operatingIncome": "330800000", "sellingGeneralAndAdministrative": "49600000", "researchAndDevelopment": "None", "operatingExpenses": "587300000", "investmentIncomeNet": "None", "netInterestIncome": "-108500000", "interestIncome": "None", "interestExpense": "108500000", "nonInterestIncome": "None", "otherNonOperatingIncome": "31400000", "depreciation": "None", "depreciationAndAmortization": "206700000", "incomeBeforeTax": "282400000", "incomeTaxExpense": "51100000", "interestAndDebtExpense": "108500000", "netIncomeFromContinuingOperations": "231300000", "comprehensiveIncomeNetOfTax": "228900000", "ebit": "330800000", "ebitda": "597600000", "netIncome": "231300000"}, {"fiscalDateEnding": "2018-03-31", "reportedCurrency": "USD", "grossProfit": "1265600000", "totalRevenue": "2286500000", "costOfRevenue": "1020900000", "costofGoodsAndServicesSold": "972100000", "operatingIncome": "545100000", "sellingGeneralAndAdministrative": "48800000", "researchAndDevelopment": "None", "operatingExpenses": "560700000", "investmentIncomeNet": "None", "netInterestIncome": "-106700000", "interestIncome": "None", "interestExpense": "106700000", "nonInterestIncome": "None", "otherNonOperatingIncome": "7500000", "depreciation": "None", "depreciationAndAmortization": "208600000", "incomeBeforeTax": "478700000", "incomeTaxExpense": "88300000", "interestAndDebtExpense": "106700000", "netIncomeFromContinuingOperations": "390400000", "comprehensiveIncomeNetOfTax": "391800000", "ebit": "545100000", "ebitda": "794000000", "netIncome": "390400000"}, {"fiscalDateEnding": "2017-12-31", "reportedCurrency": "USD", "grossProfit": "2055000000", "totalRevenue": "2055000000", "costOfRevenue": "943300000", "costofGoodsAndServicesSold": "797200000", "operatingIncome": "407000000", "sellingGeneralAndAdministrative": "89200000", "researchAndDevelopment": "None", "operatingExpenses": "-1309200000", "investmentIncomeNet": "None", "netInterestIncome": "-105300000", "interestIncome": "None", "interestExpense": "105300000", "nonInterestIncome": "None", "otherNonOperatingIncome": "24500000", "depreciation": "None", "depreciationAndAmortization": "205100000", "incomeBeforeTax": "336800000", "incomeTaxExpense": "-75300000", "interestAndDebtExpense": "105300000", "netIncomeFromContinuingOperations": "432900000", "comprehensiveIncomeNetOfTax": "433100000", "ebit": "407000000", "ebitda": "668000000", "netIncome": "412100000"}, {"fiscalDateEnding": "2017-09-30", "reportedCurrency": "USD", "grossProfit": "1066500000", "totalRevenue": "1657500000", "costOfRevenue": "591000000", "costofGoodsAndServicesSold": "542700000", "operatingIncome": "392200000", "sellingGeneralAndAdministrative": "48300000", "researchAndDevelopment": "None", "operatingExpenses": "520000000", "investmentIncomeNet": "None", "netInterestIncome": "-103800000", "interestIncome": "None", "interestExpense": "103800000", "nonInterestIncome": "None", "otherNonOperatingIncome": "17800000", "depreciation": "None", "depreciationAndAmortization": "201200000", "incomeBeforeTax": "345400000", "incomeTaxExpense": "129700000", "interestAndDebtExpense": "103800000", "netIncomeFromContinuingOperations": "215700000", "comprehensiveIncomeNetOfTax": "215300000", "ebit": "392200000", "ebitda": "650400000", "netIncome": "215700000"}, {"fiscalDateEnding": "2017-06-30", "reportedCurrency": "USD", "grossProfit": "1039700000", "totalRevenue": "1631500000", "costOfRevenue": "591800000", "costofGoodsAndServicesSold": "541800000", "operatingIncome": "362200000", "sellingGeneralAndAdministrative": "50000000", "researchAndDevelopment": "None", "operatingExpenses": "529800000", "investmentIncomeNet": "None", "netInterestIncome": "-101900000", "interestIncome": "None", "interestExpense": "101900000", "nonInterestIncome": "None", "otherNonOperatingIncome": "13100000", "depreciation": "None", "depreciationAndAmortization": "197700000", "incomeBeforeTax": "315200000", "incomeTaxExpense": "115800000", "interestAndDebtExpense": "101900000", "netIncomeFromContinuingOperations": "199400000", "comprehensiveIncomeNetOfTax": "198900000", "ebit": "362200000", "ebitda": "614800000", "netIncome": "199400000"}, {"fiscalDateEnding": "2017-03-31", "reportedCurrency": "USD", "grossProfit": "1313800000", "totalRevenue": "2304500000", "costOfRevenue": "990700000", "costofGoodsAndServicesSold": "941100000", "operatingIncome": "614700000", "sellingGeneralAndAdministrative": "49600000", "researchAndDevelopment": "None", "operatingExpenses": "551500000", "investmentIncomeNet": "None", "netInterestIncome": "-104700000", "interestIncome": "None", "interestExpense": "104700000", "nonInterestIncome": "None", "otherNonOperatingIncome": "18300000", "depreciation": "None", "depreciationAndAmortization": "194600000", "incomeBeforeTax": "570200000", "incomeTaxExpense": "213300000", "interestAndDebtExpense": "104700000", "netIncomeFromContinuingOperations": "356900000", "comprehensiveIncomeNetOfTax": "356400000", "ebit": "614700000", "ebitda": "869500000", "netIncome": "356900000"}, {"fiscalDateEnding": "2016-12-31", "reportedCurrency": "USD", "grossProfit": "1963000000", "totalRevenue": "1963000000", "costOfRevenue": "1662000000", "costofGoodsAndServicesSold": "745500000", "operatingIncome": "361700000", "sellingGeneralAndAdministrative": "125600000", "researchAndDevelopment": "None", "operatingExpenses": "-654500000", "investmentIncomeNet": "None", "netInterestIncome": "-102600000", "interestIncome": "None", "interestExpense": "102600000", "nonInterestIncome": "None", "otherNonOperatingIncome": "-6000000", "depreciation": "None", "depreciationAndAmortization": "181100000", "incomeBeforeTax": "473100000", "incomeTaxExpense": "111400000", "interestAndDebtExpense": "79000000", "netIncomeFromContinuingOperations": "194700000", "comprehensiveIncomeNetOfTax": "193600000", "ebit": "361700000", "ebitda": "589800000", "netIncome": "361700000"}]}