{"symbol": "WFC", "annualReports": [{"fiscalDateEnding": "2020-12-31", "reportedCurrency": "USD", "grossProfit": "-8597000000", "totalRevenue": "80303000000", "costOfRevenue": "73067000000", "costofGoodsAndServicesSold": "1000000000", "operatingIncome": "-22065000000", "sellingGeneralAndAdministrative": "3863000000", "researchAndDevelopment": "None", "operatingExpenses": "13397000000", "investmentIncomeNet": "None", "netInterestIncome": "39835000000", "interestIncome": "47798000000", "interestExpense": "7963000000", "nonInterestIncome": "32505000000", "otherNonOperatingIncome": "None", "depreciation": "None", "depreciationAndAmortization": "1400000000", "incomeBeforeTax": "296000000", "incomeTaxExpense": "-3005000000", "interestAndDebtExpense": "7963000000", "netIncomeFromContinuingOperations": "3586000000", "comprehensiveIncomeNetOfTax": "4807000000", "ebit": "8259000000", "ebitda": "9659000000", "netIncome": "3301000000"}, {"fiscalDateEnding": "2019-12-31", "reportedCurrency": "USD", "grossProfit": "23924000000", "totalRevenue": "85063000000", "costOfRevenue": "61139000000", "costofGoodsAndServicesSold": "1200000000", "operatingIncome": "-15953000000", "sellingGeneralAndAdministrative": "32148000000", "researchAndDevelopment": "None", "operatingExpenses": "35955000000", "investmentIncomeNet": "None", "netInterestIncome": "47231000000", "interestIncome": "66083000000", "interestExpense": "18852000000", "nonInterestIncome": "37832000000", "otherNonOperatingIncome": "None", "depreciation": "None", "depreciationAndAmortization": "1400000000", "incomeBeforeTax": "23706000000", "incomeTaxExpense": "4157000000", "interestAndDebtExpense": "18852000000", "netIncomeFromContinuingOperations": "20041000000", "comprehensiveIncomeNetOfTax": "24093000000", "ebit": "42558000000", "ebitda": "43958000000", "netIncome": "19549000000"}, {"fiscalDateEnding": "2018-12-31", "reportedCurrency": "USD", "grossProfit": "28272000000", "totalRevenue": "86408000000", "costOfRevenue": "58136000000", "costofGoodsAndServicesSold": "1300000000", "operatingIncome": "-6134000000", "sellingGeneralAndAdministrative": "30914000000", "researchAndDevelopment": "None", "operatingExpenses": "34374000000", "investmentIncomeNet": "None", "netInterestIncome": "49995000000", "interestIncome": "64647000000", "interestExpense": "14652000000", "nonInterestIncome": "36413000000", "otherNonOperatingIncome": "None", "depreciation": "None", "depreciationAndAmortization": "1300000000", "incomeBeforeTax": "28055000000", "incomeTaxExpense": "5662000000", "interestAndDebtExpense": "14652000000", "netIncomeFromContinuingOperations": "22876000000", "comprehensiveIncomeNetOfTax": "18719000000", "ebit": "42707000000", "ebitda": "44007000000", "netIncome": "22393000000"}, {"fiscalDateEnding": "2017-12-31", "reportedCurrency": "USD", "grossProfit": "27114000000", "totalRevenue": "88389000000", "costOfRevenue": "61275000000", "costofGoodsAndServicesSold": "11880000000", "operatingIncome": "-8898000000", "sellingGeneralAndAdministrative": "33461000000", "researchAndDevelopment": "None", "operatingExpenses": "35884000000", "investmentIncomeNet": "None", "netInterestIncome": "49557000000", "interestIncome": "58909000000", "interestExpense": "9352000000", "nonInterestIncome": "38832000000", "otherNonOperatingIncome": "None", "depreciation": "None", "depreciationAndAmortization": "1200000000", "incomeBeforeTax": "27100000000", "incomeTaxExpense": "4917000000", "interestAndDebtExpense": "9352000000", "netIncomeFromContinuingOperations": "22460000000", "comprehensiveIncomeNetOfTax": "23008000000", "ebit": "36452000000", "ebitda": "37652000000", "netIncome": "22183000000"}, {"fiscalDateEnding": "2016-12-31", "reportedCurrency": "USD", "grossProfit": "31619000000", "totalRevenue": "88267000000", "costOfRevenue": "56416000000", "costofGoodsAndServicesSold": "9679000000", "operatingIncome": "-2515000000", "sellingGeneralAndAdministrative": "31731000000", "researchAndDevelopment": "None", "operatingExpenses": "34090000000", "investmentIncomeNet": "None", "netInterestIncome": "47754000000", "interestIncome": "53663000000", "interestExpense": "5909000000", "nonInterestIncome": "40513000000", "otherNonOperatingIncome": "None", "depreciation": "None", "depreciationAndAmortization": "1200000000", "incomeBeforeTax": "32013000000", "incomeTaxExpense": "10075000000", "interestAndDebtExpense": "5909000000", "netIncomeFromContinuingOperations": "22045000000", "comprehensiveIncomeNetOfTax": "18504000000", "ebit": "37922000000", "ebitda": "39122000000", "netIncome": "21938000000"}], "quarterlyReports": [{"fiscalDateEnding": "2021-09-30", "reportedCurrency": "USD", "grossProfit": "9281000000", "totalRevenue": "19759000000", "costOfRevenue": "12189000000", "costofGoodsAndServicesSold": "220000000", "operatingIncome": "6972000000", "sellingGeneralAndAdministrative": "891000000", "researchAndDevelopment": "None", "operatingExpenses": "2309000000", "investmentIncomeNet": "None", "netInterestIncome": "8909000000", "interestIncome": "9834000000", "interestExpense": "925000000", "nonInterestIncome": "9925000000", "otherNonOperatingIncome": "None", "depreciation": "None", "depreciationAndAmortization": "81000000", "incomeBeforeTax": "6643000000", "incomeTaxExpense": "1521000000", "interestAndDebtExpense": "925000000", "netIncomeFromContinuingOperations": "5405000000", "comprehensiveIncomeNetOfTax": "4509000000", "ebit": "7568000000", "ebitda": "7649000000", "netIncome": "5122000000"}, {"fiscalDateEnding": "2021-06-30", "reportedCurrency": "USD", "grossProfit": "10425000000", "totalRevenue": "21163000000", "costOfRevenue": "12340000000", "costofGoodsAndServicesSold": "226000000", "operatingIncome": "8112000000", "sellingGeneralAndAdministrative": "867000000", "researchAndDevelopment": "None", "operatingExpenses": "2313000000", "investmentIncomeNet": "None", "netInterestIncome": "8800000000", "interestIncome": "9693000000", "interestExpense": "893000000", "nonInterestIncome": "11470000000", "otherNonOperatingIncome": "None", "depreciation": "None", "depreciationAndAmortization": "53000000", "incomeBeforeTax": "7485000000", "incomeTaxExpense": "1445000000", "interestAndDebtExpense": "893000000", "netIncomeFromContinuingOperations": "6744000000", "comprehensiveIncomeNetOfTax": "6727000000", "ebit": "8378000000", "ebitda": "8431000000", "netIncome": "6040000000"}, {"fiscalDateEnding": "2021-03-31", "reportedCurrency": "USD", "grossProfit": "7143000000", "totalRevenue": "19301000000", "costOfRevenue": "13232000000", "costofGoodsAndServicesSold": "226000000", "operatingIncome": "4796000000", "sellingGeneralAndAdministrative": "860000000", "researchAndDevelopment": "None", "operatingExpenses": "2347000000", "investmentIncomeNet": "None", "netInterestIncome": "8798000000", "interestIncome": "10036000000", "interestExpense": "1238000000", "nonInterestIncome": "9265000000", "otherNonOperatingIncome": "None", "depreciation": "None", "depreciationAndAmortization": "86000000", "incomeBeforeTax": "5068000000", "incomeTaxExpense": "326000000", "interestAndDebtExpense": "1238000000", "netIncomeFromContinuingOperations": "4796000000", "comprehensiveIncomeNetOfTax": "3299000000", "ebit": "6306000000", "ebitda": "6392000000", "netIncome": "4742000000"}, {"fiscalDateEnding": "2020-12-31", "reportedCurrency": "USD", "grossProfit": "-4841000000", "totalRevenue": "17760000000", "costOfRevenue": "14896000000", "costofGoodsAndServicesSold": "205000000", "operatingIncome": "-9339000000", "sellingGeneralAndAdministrative": "964000000", "researchAndDevelopment": "None", "operatingExpenses": "4427000000", "investmentIncomeNet": "None", "netInterestIncome": "9275000000", "interestIncome": "10470000000", "interestExpense": "1195000000", "nonInterestIncome": "8650000000", "otherNonOperatingIncome": "None", "depreciation": "None", "depreciationAndAmortization": "1089000000", "incomeBeforeTax": "3100000000", "incomeTaxExpense": "108000000", "interestAndDebtExpense": "1195000000", "netIncomeFromContinuingOperations": "3194000000", "comprehensiveIncomeNetOfTax": "3937000000", "ebit": "4295000000", "ebitda": "5384000000", "netIncome": "2992000000"}, {"fiscalDateEnding": "2020-09-30", "reportedCurrency": "USD", "grossProfit": "2499000000", "totalRevenue": "18862000000", "costOfRevenue": "16363000000", "costofGoodsAndServicesSold": "291000000", "operatingIncome": "-974000000", "sellingGeneralAndAdministrative": "995000000", "researchAndDevelopment": "None", "operatingExpenses": "3473000000", "investmentIncomeNet": "None", "netInterestIncome": "9379000000", "interestIncome": "10800000000", "interestExpense": "1432000000", "nonInterestIncome": "9937000000", "otherNonOperatingIncome": "None", "depreciation": "None", "depreciationAndAmortization": "266000000", "incomeBeforeTax": "2680000000", "incomeTaxExpense": "-83000000", "interestAndDebtExpense": "1432000000", "netIncomeFromContinuingOperations": "2219000000", "comprehensiveIncomeNetOfTax": "2084000000", "ebit": "4112000000", "ebitda": "4378000000", "netIncome": "3216000000"}, {"fiscalDateEnding": "2020-06-30", "reportedCurrency": "USD", "grossProfit": "-6349000000", "totalRevenue": "17836000000", "costOfRevenue": "24185000000", "costofGoodsAndServicesSold": "244000000", "operatingIncome": "-9799000000", "sellingGeneralAndAdministrative": "1766000000", "researchAndDevelopment": "None", "operatingExpenses": "2422000000", "investmentIncomeNet": "None", "netInterestIncome": "9892000000", "interestIncome": "11801000000", "interestExpense": "1921000000", "nonInterestIncome": "8394000000", "otherNonOperatingIncome": "None", "depreciation": "None", "depreciationAndAmortization": "22000000", "incomeBeforeTax": "-6296000000", "incomeTaxExpense": "-2001000000", "interestAndDebtExpense": "1921000000", "netIncomeFromContinuingOperations": "-2332000000", "comprehensiveIncomeNetOfTax": "-1613000000", "ebit": "-4375000000", "ebitda": "-4353000000", "netIncome": "-3846000000"}, {"fiscalDateEnding": "2020-03-31", "reportedCurrency": "USD", "grossProfit": "598000000", "totalRevenue": "17717000000", "costOfRevenue": "17119000000", "costofGoodsAndServicesSold": "260000000", "operatingIncome": "-8484000000", "sellingGeneralAndAdministrative": "7474000000", "researchAndDevelopment": "None", "operatingExpenses": "8127000000", "investmentIncomeNet": "None", "netInterestIncome": "11312000000", "interestIncome": "14727000000", "interestExpense": "3415000000", "nonInterestIncome": "6405000000", "otherNonOperatingIncome": "None", "depreciation": "None", "depreciationAndAmortization": "23000000", "incomeBeforeTax": "812000000", "incomeTaxExpense": "159000000", "interestAndDebtExpense": "3415000000", "netIncomeFromContinuingOperations": "505000000", "comprehensiveIncomeNetOfTax": "399000000", "ebit": "4227000000", "ebitda": "4250000000", "netIncome": "653000000"}, {"fiscalDateEnding": "2019-12-31", "reportedCurrency": "USD", "grossProfit": "3531000000", "totalRevenue": "19860000000", "costOfRevenue": "16329000000", "costofGoodsAndServicesSold": "331000000", "operatingIncome": "-15969000000", "sellingGeneralAndAdministrative": "11853000000", "researchAndDevelopment": "None", "operatingExpenses": "15578000000", "investmentIncomeNet": "None", "netInterestIncome": "11200000000", "interestIncome": "15595000000", "interestExpense": "4395000000", "nonInterestIncome": "8660000000", "otherNonOperatingIncome": "None", "depreciation": "None", "depreciationAndAmortization": "1318000000", "incomeBeforeTax": "3551000000", "incomeTaxExpense": "678000000", "interestAndDebtExpense": "4395000000", "netIncomeFromContinuingOperations": "2924000000", "comprehensiveIncomeNetOfTax": "3201000000", "ebit": "7946000000", "ebitda": "9264000000", "netIncome": "2873000000"}, {"fiscalDateEnding": "2019-09-30", "reportedCurrency": "USD", "grossProfit": "6048000000", "totalRevenue": "22010000000", "costOfRevenue": "15962000000", "costofGoodsAndServicesSold": "272000000", "operatingIncome": "-598000000", "sellingGeneralAndAdministrative": "6619000000", "researchAndDevelopment": "None", "operatingExpenses": "6646000000", "investmentIncomeNet": "None", "netInterestIncome": "11625000000", "interestIncome": "16499000000", "interestExpense": "4874000000", "nonInterestIncome": "10385000000", "otherNonOperatingIncome": "None", "depreciation": "None", "depreciationAndAmortization": "27000000", "incomeBeforeTax": "5914000000", "incomeTaxExpense": "1304000000", "interestAndDebtExpense": "4874000000", "netIncomeFromContinuingOperations": "4812000000", "comprehensiveIncomeNetOfTax": "5195000000", "ebit": "10788000000", "ebitda": "10815000000", "netIncome": "4610000000"}, {"fiscalDateEnding": "2019-06-30", "reportedCurrency": "USD", "grossProfit": "7563000000", "totalRevenue": "21584000000", "costOfRevenue": "14021000000", "costofGoodsAndServicesSold": "None", "operatingIncome": "940000000", "sellingGeneralAndAdministrative": "6596000000", "researchAndDevelopment": "None", "operatingExpenses": "6623000000", "investmentIncomeNet": "None", "netInterestIncome": "12095000000", "interestIncome": "16986000000", "interestExpense": "4891000000", "nonInterestIncome": "9489000000", "otherNonOperatingIncome": "None", "depreciation": "None", "depreciationAndAmortization": "27000000", "incomeBeforeTax": "7500000000", "incomeTaxExpense": "1294000000", "interestAndDebtExpense": "4891000000", "netIncomeFromContinuingOperations": "6338000000", "comprehensiveIncomeNetOfTax": "7664000000", "ebit": "12391000000", "ebitda": "12418000000", "netIncome": "6206000000"}, {"fiscalDateEnding": "2019-03-31", "reportedCurrency": "USD", "grossProfit": "6782000000", "totalRevenue": "21609000000", "costOfRevenue": "14827000000", "costofGoodsAndServicesSold": "None", "operatingIncome": "-326000000", "sellingGeneralAndAdministrative": "7080000000", "researchAndDevelopment": "None", "operatingExpenses": "7108000000", "investmentIncomeNet": "None", "netInterestIncome": "12311000000", "interestIncome": "17003000000", "interestExpense": "4692000000", "nonInterestIncome": "9298000000", "otherNonOperatingIncome": "None", "depreciation": "None", "depreciationAndAmortization": "28000000", "incomeBeforeTax": "6741000000", "incomeTaxExpense": "881000000", "interestAndDebtExpense": "4692000000", "netIncomeFromContinuingOperations": "5967000000", "comprehensiveIncomeNetOfTax": "8033000000", "ebit": "11433000000", "ebitda": "11461000000", "netIncome": "5860000000"}, {"fiscalDateEnding": "2018-12-31", "reportedCurrency": "USD", "grossProfit": "7052000000", "totalRevenue": "20980000000", "costOfRevenue": "13928000000", "costofGoodsAndServicesSold": "4798000000", "operatingIncome": "-6898000000", "sellingGeneralAndAdministrative": "11252000000", "researchAndDevelopment": "None", "operatingExpenses": "13918000000", "investmentIncomeNet": "None", "netInterestIncome": "12644000000", "interestIncome": "16921000000", "interestExpense": "4277000000", "nonInterestIncome": "8336000000", "otherNonOperatingIncome": "None", "depreciation": "None", "depreciationAndAmortization": "506000000", "incomeBeforeTax": "7030000000", "incomeTaxExpense": "966000000", "interestAndDebtExpense": "4277000000", "netIncomeFromContinuingOperations": "6154000000", "comprehensiveIncomeNetOfTax": "6601000000", "ebit": "11307000000", "ebitda": "11813000000", "netIncome": "6064000000"}, {"fiscalDateEnding": "2018-09-30", "reportedCurrency": "USD", "grossProfit": "7530000000", "totalRevenue": "21941000000", "costOfRevenue": "14411000000", "costofGoodsAndServicesSold": "4372000000", "operatingIncome": "710000000", "sellingGeneralAndAdministrative": "6556000000", "researchAndDevelopment": "None", "operatingExpenses": "6820000000", "investmentIncomeNet": "None", "netInterestIncome": "12572000000", "interestIncome": "16364000000", "interestExpense": "3792000000", "nonInterestIncome": "9369000000", "otherNonOperatingIncome": "None", "depreciation": "None", "depreciationAndAmortization": "264000000", "incomeBeforeTax": "7519000000", "incomeTaxExpense": "1512000000", "interestAndDebtExpense": "3792000000", "netIncomeFromContinuingOperations": "6086000000", "comprehensiveIncomeNetOfTax": "4995000000", "ebit": "11311000000", "ebitda": "11575000000", "netIncome": "6007000000"}, {"fiscalDateEnding": "2018-06-30", "reportedCurrency": "USD", "grossProfit": "7054000000", "totalRevenue": "21553000000", "costOfRevenue": "14499000000", "costofGoodsAndServicesSold": "3926000000", "operatingIncome": "357000000", "sellingGeneralAndAdministrative": "6432000000", "researchAndDevelopment": "None", "operatingExpenses": "6697000000", "investmentIncomeNet": "None", "netInterestIncome": "12541000000", "interestIncome": "16015000000", "interestExpense": "3474000000", "nonInterestIncome": "9012000000", "otherNonOperatingIncome": "None", "depreciation": "None", "depreciationAndAmortization": "265000000", "incomeBeforeTax": "6996000000", "incomeTaxExpense": "1810000000", "interestAndDebtExpense": "3474000000", "netIncomeFromContinuingOperations": "5309000000", "comprehensiveIncomeNetOfTax": "4646000000", "ebit": "10470000000", "ebitda": "10735000000", "netIncome": "5186000000"}, {"fiscalDateEnding": "2018-03-31", "reportedCurrency": "USD", "grossProfit": "6636000000", "totalRevenue": "21934000000", "costOfRevenue": "15298000000", "costofGoodsAndServicesSold": "3300000000", "operatingIncome": "-303000000", "sellingGeneralAndAdministrative": "6674000000", "researchAndDevelopment": "None", "operatingExpenses": "6939000000", "investmentIncomeNet": "None", "netInterestIncome": "12238000000", "interestIncome": "15347000000", "interestExpense": "3109000000", "nonInterestIncome": "9696000000", "otherNonOperatingIncome": "None", "depreciation": "None", "depreciationAndAmortization": "265000000", "incomeBeforeTax": "6510000000", "incomeTaxExpense": "1374000000", "interestAndDebtExpense": "3109000000", "netIncomeFromContinuingOperations": "5327000000", "comprehensiveIncomeNetOfTax": "2477000000", "ebit": "9619000000", "ebitda": "9884000000", "netIncome": "5136000000"}, {"fiscalDateEnding": "2017-12-31", "reportedCurrency": "USD", "grossProfit": "2976000000", "totalRevenue": "22050000000", "costOfRevenue": "17516000000", "costofGoodsAndServicesSold": "3296000000", "operatingIncome": "-12805000000", "sellingGeneralAndAdministrative": "14094000000", "researchAndDevelopment": "None", "operatingExpenses": "15653000000", "investmentIncomeNet": "None", "netInterestIncome": "12313000000", "interestIncome": "14958000000", "interestExpense": "2645000000", "nonInterestIncome": "9737000000", "otherNonOperatingIncome": "None", "depreciation": "None", "depreciationAndAmortization": "336000000", "incomeBeforeTax": "4509000000", "incomeTaxExpense": "-1642000000", "interestAndDebtExpense": "2612000000", "netIncomeFromContinuingOperations": "6410000000", "comprehensiveIncomeNetOfTax": "5629000000", "ebit": "7154000000", "ebitda": "7490000000", "netIncome": "6151000000"}, {"fiscalDateEnding": "2017-09-30", "reportedCurrency": "USD", "grossProfit": "7447000000", "totalRevenue": "21849000000", "costOfRevenue": "15133000000", "costofGoodsAndServicesSold": "3312000000", "operatingIncome": "808000000", "sellingGeneralAndAdministrative": "6351000000", "researchAndDevelopment": "None", "operatingExpenses": "6639000000", "investmentIncomeNet": "None", "netInterestIncome": "12449000000", "interestIncome": "15044000000", "interestExpense": "2595000000", "nonInterestIncome": "9400000000", "otherNonOperatingIncome": "None", "depreciation": "None", "depreciationAndAmortization": "288000000", "incomeBeforeTax": "6723000000", "incomeTaxExpense": "2181000000", "interestAndDebtExpense": "2582000000", "netIncomeFromContinuingOperations": "4654000000", "comprehensiveIncomeNetOfTax": "5068000000", "ebit": "9318000000", "ebitda": "9606000000", "netIncome": "4542000000"}, {"fiscalDateEnding": "2017-06-30", "reportedCurrency": "USD", "grossProfit": "8695000000", "totalRevenue": "22235000000", "costOfRevenue": "14162000000", "costofGoodsAndServicesSold": "2778000000", "operatingIncome": "2051000000", "sellingGeneralAndAdministrative": "6357000000", "researchAndDevelopment": "None", "operatingExpenses": "6644000000", "investmentIncomeNet": "None", "netInterestIncome": "12471000000", "interestIncome": "14694000000", "interestExpense": "2223000000", "nonInterestIncome": "9764000000", "otherNonOperatingIncome": "None", "depreciation": "None", "depreciationAndAmortization": "287000000", "incomeBeforeTax": "8101000000", "incomeTaxExpense": "2245000000", "interestAndDebtExpense": "2232000000", "netIncomeFromContinuingOperations": "5848000000", "comprehensiveIncomeNetOfTax": "6861000000", "ebit": "10324000000", "ebitda": "10611000000", "netIncome": "5856000000"}, {"fiscalDateEnding": "2017-03-31", "reportedCurrency": "USD", "grossProfit": "7996000000", "totalRevenue": "22255000000", "costOfRevenue": "14464000000", "costofGoodsAndServicesSold": "2494000000", "operatingIncome": "1048000000", "sellingGeneralAndAdministrative": "6659000000", "researchAndDevelopment": "None", "operatingExpenses": "6948000000", "investmentIncomeNet": "None", "netInterestIncome": "12324000000", "interestIncome": "14213000000", "interestExpense": "1889000000", "nonInterestIncome": "9931000000", "otherNonOperatingIncome": "None", "depreciation": "None", "depreciationAndAmortization": "289000000", "incomeBeforeTax": "7767000000", "incomeTaxExpense": "2133000000", "interestAndDebtExpense": "1926000000", "netIncomeFromContinuingOperations": "5548000000", "comprehensiveIncomeNetOfTax": "5450000000", "ebit": "9656000000", "ebitda": "9945000000", "netIncome": "5634000000"}, {"fiscalDateEnding": "2016-12-31", "reportedCurrency": "USD", "grossProfit": "7649000000", "totalRevenue": "21968000000", "costOfRevenue": "14087000000", "costofGoodsAndServicesSold": "2461000000", "operatingIncome": "-7097000000", "sellingGeneralAndAdministrative": "13234000000", "researchAndDevelopment": "None", "operatingExpenses": "14702000000", "investmentIncomeNet": "None", "netInterestIncome": "12402000000", "interestIncome": "14058000000", "interestExpense": "1656000000", "nonInterestIncome": "9180000000", "otherNonOperatingIncome": "None", "depreciation": "None", "depreciationAndAmortization": "309000000", "incomeBeforeTax": "7532000000", "incomeTaxExpense": "2258000000", "interestAndDebtExpense": "1656000000", "netIncomeFromContinuingOperations": "5304000000", "comprehensiveIncomeNetOfTax": "-47000000", "ebit": "9188000000", "ebitda": "9497000000", "netIncome": "5274000000"}]}